1626 2879
775 290 822 329 17

143 398 310 439 quorum
335 386 385 426 de
410 386 484 428 hoc
498 388 595 430 ‚loco
622 391 854 442 opiniomem
892 395 1033 435 falsam
1058 410 1141 437 esse
1166 399 1258 447 dixi,
1286 401 1343 441 ita
1369 414 1435 441 vo-

142 447 302 487 luerunt
325 448 521 498 evitatam,
548 453 595 490 ut
620 462 706 492 eam
731 457 802 494 aut
827 455 945 496 tacite
964 457 1204 508 negligerent
1221 465 1292 501 aut
1308 463 1435 502 nescio

142 520 263 558 quam
287 522 420 549 raram
445 515 486 552 et
510 513 742 561 singularem
770 516 829 565 sig
859 517 867 524 ’
899 561 901 563 Υ
945 519 1086 557 tionem
1112 521 1149 558 h.
1177 521 1203 559 l.
1230 523 1432 571 verboilli,

141 567 248 624 quod
272 573 333 624 est
353 582 525 620 pervere,
564 573 773 615 obtrudere
798 529 1042 677 {nomentum
1094 580 1285 621 Nimirum
1311 585 1433 623 Hora-

140 630 231 679 tius,
258 635 305 671 ut
327 643 411 671 rem
437 633 631 684 explicare
669 649 797 685 coner,
864 640 1029 680 ominem
1055 641 1164 680 illum
1189 648 1330 692 praeter
1356 645 1433 683 duo

141 691 306 732 luxuriae
344 694 521 744 exempla
552 695 674 746 ‘plura
712 698 830 738 etiam
867 700 1111 750 prolaturum
1135 706 1245 742 ratus
1271 703 1346 744 hae
1373 705 1431 744 in-

139 753 406 804 terrogatione
431 755 626 796 silentium
652 757 687 796 ei
712 758 885 809 imponit.
918 761 1050 811 Neque
1078 763 1216 802 nullius
1243 770 1333 803 sunt
1352 778 1431 804 mo-

139 815 262 854 menti
300 827 386 865 quae
424 817 529 867 apud
561 821 708 858 veteres
736 820 846 859 nobis
873 825 1026 862 servata
1051 827 1142 863 sunt
1167 825 1339 865 veritatis
1366 838 1430 865 ve-

139 875 267 926 stigia.
319 876 418 917 Nam
444 879 548 929 apud
575 879 774 930 Aorouem,
803 883 977 932 quamvis
1002 884 1042 923 in
1069 885 1199 924 mult-is
1226 885 1344 926 falsus
1367 887 1428 935 sit,

139 937 322 988 lefflmus:
362 951 483 989 quwre
512 943 740 990 puy-nantia
778 947 914 983 contra
952 956 993 983 se
1035 945 1231 995 loqueris?
1257 952 1296 986 et
1322 948 1428 997 apud

138 997 353 1038 Commeat.
380 997 684 1049 Crucquianum:
712 1003 966 1052 interroqatio
993 1004 1270 1053 objmyatoria.
1323 1006 1426 1045 Prae-

138 1063 245 1099 terea
259 1058 302 1098 id
319 1071 473 1112 quoque
491 1061 782 1110 observandum,
802 1075 1020 1113 componere
1037 1066 1428 1115 conjungendumesse

136 1133 221 1161 esse
241 1134 329 1161 oum
355 1122 413 1170 iis,
441 1134 527 1171 quae
552 1123 726 1172 proxime
751 1124 975 1173 praecedunt
1002 1124 1217 1164 Frontibus
1242 1127 1427 1174 adversis,

137 1196 216 1223 non
228 1195 316 1222 oum
326 1184 548 1233 puy'nantia
561 1184 776 1235 participio,
804 1190 848 1224 ut
874 1185 970 1224 falso
997 1186 1167 1236 explicat
1193 1188 1292 1226 Acro
1319 1187 1427 1227 scho-

137 1244 265 1284 liasta.

238 1305 329 1345 Jam
368 1309 500 1354 restat,
540 1308 586 1344 ut
625 1318 748 1355 pauca
788 1306 915 1345 d‘nam
956 1307 1003 1344 de
1042 1307 1214 1346 versibus
1257 1311 1326 1348 108
1355 1322 1425 1358 sq„

134 1366 185 1406 de
210 1366 353 1417 quibus
383 1368 489 1405 recte
526 1366 784 1416 intelligendis
816 1367 1127 1417 explicandisque
1157 1368 1280 1407 multa
1314 1370 1428 1408 multi

134 1428 386 1479 disputarunt
425 1427 495 1467 viri
535 1428 650 1467 docti.
704 1428 832 1478 Atque
873 1428 1020 1468 codices
1061 1429 1215 1478 quidem
1254 1430 1428 1481 plerique

132 1489 309 1540 praebent
346 1488 494 1528 nemon’
533 1493 578 1527 ut
616 1501 772 1536 avar-us,
811 1489 878 1528 alii
916 1493 1047 1528 autem
1080 1490 1182 1539 iique
1209 1503 1287 1528 non
1312 1493 1426 1540 pauci

132 1562 241 1589 nemo
266 1553 313 1589 ut
337 1561 493 1589 avarus.
547 1549 718 1596 Quarum
745 1549 1026 1599 seripturarum
1052 1554 1141 1588 utra
1166 1551 1244 1588 utri
1263 1552 1313 1589 sit
1325 1563 1424 1601 prae-

131 1610 291 1650 ferenda
316 1610 485 1649 breviter
510 1610 759 1659 inquiremus.
812 1610 1049 1660 Incipiamus
1067 1610 1188 1659 igitur
1212 1625 1237 1649 a
1263 1612 1424 1650 nonnul-

132 1671 180 1710 lis
205 1670 553 1719 interrogationum
581 1670 774 1719 exemplis,
801 1670 842 1707 in
868 1670 1007 1719 quibus
1040 1674 1250 1719 usurpatur
1273 1670 1340 1709 illa
1365 1670 1424 1709 di-

132 1727 245 1771 cendi
261 1730 441 1778 formula,
469 1742 555 1781 quae
581 1733 642 1770 est
667 1754 715 1760 -—
742 1743 789 1770 ne
814 1734 878 1770 ut:
905 1729 1054 1781 ”Egone
1080 1735 1125 1769 ut
1150 1734 1190 1770 te
1216 1731 1422 1771 advorsum

131 1792 298 1831 mentiar
324 1794 451 1830 mater
481 1791 611 1830 mea?”
649 1785 792 1836 (Plaut.
832 1791 921 1829 Aul.
961 1795 996 1839 4,
1038 1794 1072 1839 7,
1113 1794 1167 1836 9).
1222 1791 1351 1830 ”illine
1377 1796 1422 1830 ut

131 1853 288 1904 impune
315 1852 510 1892 concitent
534 1850 699 1891 finitima
725 1851 873 1891 bella⁴?”
900 1851 998 1898 (Liv.
1025 1851 1091 1899 IV,
1120 1852 1161 1898 2)
1177 1854 1222 1898 ²).
1275 1851 1345 1891 His
1372 1852 1421 1891 si-

131 1915 242 1953 miles
281 1919 371 1953 sunt
409 1926 465 1952 eae
503 1913 836 1961 interrogationes,
865 1925 951 1961 quae
977 1924 1026 1950 ex
1050 1917 1095 1951 ut
1121 1918 1160 1950 et
1185 1917 1231 1951 ut
1254 1925 1303 1951 ne
1326 1925 1420 1961 pen-

131 1975 242 2013 dent:
285 1972 358 2012 ”Ut
398 1977 525 2022 tegam
563 1984 702 2023 spureo
729 1972 862 2010 Damae
887 1972 990 2010 latus
999 1971 1034 2008 ?”
1059 1971 1171 2016 (Hor.
1199 1970 1279 2009 Sat.
1304 1971 1355 2017 11,
1383 1972 1418 2019 5,

135 2036 211 2082 18).
253 2033 325 2073 ”Ut
341 2044 413 2083 ego
440 2045 542 2071 nunc
567 2032 801 2071 adolescenti
828 2032 1053 2070 thesaurum
1072 2031 1254 2070 indicem”
1274 2030 1418 2077 (Plaut.

132 2095 238 2134 Trin.
267 2096 302 2141 3,
331 2096 366 2138 3,
393 2095 459 2138 21)
487 2121 496 2130 .
512 2120 521 2131 .
537 2092 580 2130 ‚P
606 2092 678 2130 His
703 2095 834 2130 autem
860 2091 1122 2140 similibusque
1148 2091 1418 2139 interrogatio-

132 2154 247 2195 nibus
280 2154 376 2205 quid
403 2152 643 2205 exprimitur,
671 2152 744 2191 nisi
783 2151 957 2191 subirata
995 2150 1171 2202 quaedam
1202 2149 1417 2198 admiratio,

214 2257 244 2294 ¹)
265 2255 357 2288 Conf.
387 2254 547 2294 Madvigii
578 2254 686 2285 Gram.
718 2253 789 2283 Lat.
810 2254 826 2290 5
847 2253 917 2291 353,
943 2253 1056 2282 annot.
1076 2250 1197 2290 Krueg.
1217 2250 1327 2281 Gram.
1348 2250 1419 2281 Lat.

132 2309 148 2347 5
170 2306 229 2339 571
250 2307 296 2346 2).
337 2305 387 2338 De
417 2304 481 2338 hoe
512 2303 735 2346 quaestionum
765 2311 885 2345 genere
915 2300 991 2333 vide
1019 2300 1117 2333 etiam
1139 2298 1253 2332 Fredr.
1274 2299 1419 2332 Braune:

133 2358 198 2389 ”De
218 2357 383 2398 particula
403 2361 442 2388 ut
462 2355 604 2395 simplici
624 2357 659 2386 et
679 2354 859 2394 oopulata'.
885 2353 1010 2385 Lundae
1030 2351 1289 2384 MDCCCLXVI.
1317 2351 1418 2391 Pagg.

132 2408 173 2440 16
178 2408 264 2440 -20,
