1626 2879
801 295 853 332 14¹

164 401 400 439 secuturum.
457 396 503 435 In
543 393 851 435 commendando
877 398 1012 436 autem
1050 396 1121 437 ille
1160 410 1216 438 an
1241 398 1384 441 duetus
1410 402 1471 440 est

163 459 361 509 Bentlejus
398 456 500 498 falsa
526 458 707 508 opinione
733 456 783 496 de
808 457 1093 508 conjunctione,
1121 467 1240 508 quam
1264 460 1371 501 inter
1394 461 1470 504 hoc

161 525 202 561 et
241 520 417 571 superius
456 518 705 558 enunciatum
743 518 990 559 intercedere
1015 522 1226 570 oporteret.
1278 520 1354 561 Ita·
1368 522 1471 565 enim

160 583 243 621 haec
269 581 494 632 explicavit:
511 609 521 618 .
537 609 547 618 .
563 608 572 617 .
601 580 785 624 ‘'miraris,
824 580 931 630 quod
956 582 1006 618 te'
1023 593 1102 619 non
1135 584 1269 621 ament
1300 584 1471 632 cognati,

162 654 260 692 quos
287 646 332 680 tu
358 640 465 680 nulla
482 640 726 690 benignitate
744 639 953 679 conciliare
969 639 1043 679 tibi
1060 640 1247 680 studeas?
1265 642 1328 680 An
1340 642 1472 692 pofius

159 703 273 742 nihili
304 702 402 743 facis
428 714 454 741 a
479 700 657 752 cognatis
682 701 809 741 amari
835 704 876 741 et
902 714 1025 751 omne,
1053 702 1160 752 quod
1183 701 1237 742 ad
1262 702 1466 743 demeren-

155 764 228 803 dos
254 777 321 804 eos
346 763 518 815 impendi
545 762 670 812 debet,
698 763 801 802 male
827 763 1001 803 locatum
1028 767 1068 803 et
1092 762 1290 814 perditum
1315 763 1366 803 iri
1392 774 1464 815 pu-

159 827 250 865 tas?
277 826 389 876 quasi
416 825 449 864 si
475 826 628 865 asinum
654 825 830 864 traderes
857 825 1058 875 magistro,
1086 825 1209 875 quiin
1223 835 1361 876 campo
1375 836 1465 866 eum

157 886 368 926 instituat”.
421 885 588 925 Tollitur
625 887 746 935 igitur
772 885 900 925 altera
924 886 1233 935 interrogatione
1257 887 1390 937 prior‚·
1406 891 1462 935 ut,

156 947 190 986 si
230 947 313 986 haeo
351 958 485 986 verum
512 944 660 996 efferat,
688 959 766 986 non
791 947 958 986 miretur
983 957 1125 987 avarus
1152 959 1202 987 sev
1218 958 1298 986 non
1323 947 1463 987 amari.

156 1009 211 1047 At
249 1009 289 1047 id
328 1008 443 1059 plane
483 1012 622 1048 cont-ra
661 1011 844 1047 naturam
882 1007 1102 1048 hominum:
1136 1008 1177 1047 id
1203 1009 1306 1050 enim
1332 1008 1462 1059 ipsum

155 1070 264 1109 avari
290 1074 330 1109 et
355 1070 536 1109 similium
563 1069 763 1109 hominum
789 1069 991 1120 proprium
1018 1074 1088 1117 est,
1116 1074 1172 1119 ut,
1201 1070 1379 1120 quamvis
1402 1070 1462 1109 ni-

155 1130 210 1169 hil
241 1130 413 1180 fecerint,
456 1144 532 1182 quo
573 1143 746 1170 amorem
784 1130 1049 1181 proximorum
1075 1131 1301 1181 retinerent,
1328 1135 1462 1172 tamen

154 1205 244 1231 eum
280 1193 355 1232 sibi
394 1205 473 1232 non
513 1193 695 1243 praestari
719 1192 1055 1232 vehementissime
1081 1193 1272 1232 mirentur
1299 1196 1340 1232 et
1365 1205 1459 1243 que-

155 1257 305 1292 rantur.
360 1253 447 1292 Non
485 1254 607 1303 igitur
633 1254 691 1293 ita
717 1254 893 1303 quaesivit
919 1253 1120 1302 Horatius,
1148 1254 1260 1303 quasi
1286 1254 1361 1293 hoe
1387 1254 1460 1294 du-

154 1314 263 1354 bium
289 1318 459 1365 putaret,
488 1314 556 1354 sed
582 1318 628 1354 ut
653 1314 728 1354 sibi
759 1315 833 1354 hoc
860 1315 1001 1355 mirum
1034 1319 1075 1355 et
1098 1316 1305 1366 indiguum
1338 1315 1460 1355 videri

155 1375 404 1425 significaret,
433 1376 538 1426 quod
563 1377 773 1415 miraretur
798 1389 952 1416 avarus.
1006 1376 1155 1417 Deinde
1180 1388 1314 1416 omnes
1338 1378 1454 1416 inter·

154 1433 293 1487 pretes,
334 1448 488 1487 quoquo
528 1437 641 1475 modo
680 1437 763 1475 haec
801 1437 949 1486 scripta
986 1441 1190 1487 putarunt,
1230 1438 1272 1476 in
1304 1449 1361 1486 eo,
1395 1449 1458 1477 me

149 1497 290 1547 jndice,
318 1501 510 1544 errarunt,
539 1498 644 1548 quod
669 1498 814 1536 ideireo
847 1510 1007 1547 operam
1025 1499 1192 1547 perdere
1216 1510 1378 1539 avarum
1404 1499 1457 1539 ab

155 1557 318 1597 Horatio
346 1557 421 1597 dici
449 1560 683 1607 statuerunt,
712 1558 806 1608 quia
830 1561 1015 1608 ‘cognatos
1041 1558 1209 1599 retinere
1235 1563 1276 1600 et
1301 1571 1457 1600 servare

152 1619 298 1657 amicos
325 1630 401 1656 non
426 1622 568 1668 posset.
621 1619 751 1668 Atque
777 1623 837 1658 est
862 1618 925 1657 hic
950 1631 1045 1658 sane
1070 1620 1240 1660 maxime
1265 1631 1455 1670 pervaga-

151 1682 215 1718 tus
252 1679 390 1717 horum
430 1679 636 1719 verborum
676 1692 782 1729 usus,
821 1684 868 1719 ut
906 1679 1047 1730 aliquis
1073 1680 1126 1730 id,
1154 1681 1260 1732 quod
1286 1681 1456 1730 studeat,

150 1740 303 1789 assequi
329 1743 506 1789 negetur.
559 1740 612 1779 At
649 1740 780 1790 inepte
818 1741 1080 1791 interrogaret
1119 1742 1319 1791 Horatius
1360 1754 1454 1781 num

151 1813 302 1850 avarus,
331 1801 364 1840 si
390 1801 518 1848 vellet,
547 1804 802 1851 cognatorum
827 1814 1001 1841 amorem
1027 1803 1194 1843 retinere
1215 1816 1293 1843 non
1310 1806 1454 1854 posset.

151 1874 271 1912 quum
298 1862 338 1901 id
365 1875 406 1901 se
432 1875 543 1913 posse
569 1876 618 1901 ne
642 1874 786 1902 avarus
813 1863 969 1914 quidem
1006 1864 1090 1914 ipse
1128 1867 1301 1915 negaret,
1330 1876 1453 1916 neque

149 1934 197 1963 ea
235 1923 324 1962 huie
363 1935 481 1963 causa
522 1928 625 1964 esset
658 1928 846 1975 cognatos
871 1925 1102 1977 negligendi,
1129 1927 1236 1977 'quod
1260 1926 1357 1966 illud
1384 1927 1452 1967 de-

149 1989 335 2033 speraret,
377 1986 444 2024 sed
483 1986 587 2035 quod
614 1998 786 2025 amorem
812 1999 950 2026 eorum
976 2000 1053 2027 non
1079 1988 1181 2027 tanti
1206 1991 1379 2038 putaret,
1406 1990 1453 2028 ut

149 2043 298 2093 aliquid
323 2045 371 2084 de
397 2046 563 2085 avaritia
588 2047 816 2087 remitteret.
869 2047 1004 2099 Neque
1029 2048 1174 2089 rectius
1191 2048 1360 2088 irridens
1376 2049 1452 2095 (ita

150 2105 253 2142 enim
278 2105 361 2144 haec
386 2107 612 2156 accipienda
636 2120 731 2156 esse,
771 2110 805 2147 si
842 2113 888 2148 at
913 2109 1082 2159 leffltur,
1120 2109 1271 2149 dudum
1296 2110 1448 2149 intelle-

149 2168 255 2203 ctum
280 2170 357 2212 est)
371 2166 444 2206 hoc
456 2166 669 2207 affirmaret
694 2169 894 2218 Horatius,
921 2170 1109 2211 facillima
1133 2181 1252 2221 opera
1286 2180 1449 2212 avarum

148 2230 400 2274 cognatorum
440 2241 611 2267 amorem
651 2235 932 2278 assecuturum,
973 2244 1093 2281 quum
1132 2232 1206 2271 hoo
1232 2244 1281 2270 ne
1306 2244 1448 2270 avarus

149 2284 317 2334 quidem,
345 2287 486 2325 nedum
511 2288 579 2326 alii
605 2289 844 2338 ignorarent.
887 2290 978 2331 Alia
1004 2303 1127 2342 eaque
1141 2292 1257 2342 longe
1280 2285 1448 2342 exquisi—

149 2346 247 2385 tiore
272 2345 425 2386 ratione
449 2347 514 2388 hio
538 2361 631 2388 usus
658 2354 718 2392 eet
744 2350 942 2401 Horatius,
962 2365 1099 2404 nempe
1117 2365 1174 2402 ea,
1193 2366 1273 2404 qua
1289 2364 1447 2403 operam

149 2406 311 2454 perdere
337 2406 490 2454 dicitur,
518 2409 749 2459 quicumque
774 2413 969 2462 suscipiat,
992 2413 1098 2463 quod
1124 2425 1252 2463 operae
1277 2413 1446 2463 pretium
