1626 2879
765 271 873 318 '18

192 385 259 423 'cui
291 383 404 434 plane
430 380 629 421 contraria
662 379 872 430 cogitanda
911 382 971 418 est
987 377 1233 429 responsio?
1285 376 1415 426 Quare
1422 353 1522 418 1Ηὲ
1572 397 1574 400 -

199 442 453 493 terrogationi
493 440 568 481 1111.
595 441 745 481 nernon’
769 444 815 479 ut
852 450 1001 480 manos
1038 442 1082 479 '88
1111 437 1285 492 m?
1325 439 1399 479 sic
1418 436 1511 480 sm

197 504 431 555 respondeas
457 513 612 540 necesse
637 503 737 541 erit:
772 494 934 548 ”Quidni
958 499 1127 551 probet?
1152 499 1344 544 Probabit
1362 498 1499 548 corte*

197 565 297 605 Ecce
321 563 442 604 habes
462 564 538 603 isto
558 563 675 602 modo
692 562 995 613 explicationem
1015 565 1062 601 ut
1074 561 1154 602 toti
1162 560 1286 613 hujus
1297 560 1498 641 haimul-

194 626 364 676 ligentiae
388 627 673 675 repugnantem
699 624 755 663 sic
782 635 853 674 per
879 634 921 662 se
940 621 1190 669 absumda'm
1376 678 1380 680 Π
1422 672 1426 676 ¹

195 685 392 735 negotium
419 683 612 731 succedet,
644 684 678 723 si
703 684 790 734 quis
816 683 932 723 aliter
962 683 1062 723 illud
1095 693 1256 723 nemone
1287 682 1314 722 d
1360 682 1372 690 ⁶
1402 724 1409 727 ,,
1476 682 1479 684 ’

198 747 289 785 dum
322 746 544 796 susceperit,
572 745 613 784 id
646 744 751 795 quod
778 745 907 784 conati
934 748 1026 785 sunt
1051 743 1226 784 nonnulli
1252 736 1497 798 inter-probs.

300 805 430 856 Atqui,
459 805 499 845 id
525 806 629 856 quod
656 805 720 844 hic
745 804 912 845 fortasse
939 805 1121 854 occurrit,
1148 806 1276 845 altera
1291 805 1364 845 1118
1380 805 1501 856 sbn‘p-

195 872 295 914 tura,
323 878 410 917 quae
435 869 495 906 est
521 878 628 906 nemo
654 869 710 915 ut,
737 866 933 916 quoniam,
961 870 1008 907 ut
1033 870 1167 907 cetera
1175 866 1424 917 omittantur,
1439 866 1500 922 hi—

195 932 264 967 atu
301 927 468 974 laborat,
511 938 637 966 nonne
676 926 825 978 aliquid
865 930 906 966 et
943 927 1030 978 ipsa
1061 931 1191 968 movet
1215 927 1501 976 dubitationis?

196 989 333 1028 Audio.
388 987 557 1028 Tantum
596 993 727 1028 autem
767 989 890 1036 abest,
926 991 972 1028 ut
1004 989 1078 1029 iste
1103 988 1235 1030 hiatus
1260 992 1416 1030 tantam
1440 990 1500 1030 in-

196 1050 462 1100 dignationem
489 1050 670 1099 cuiquam
696 1049 855 1101 injicere
881 1049 1035 1100 debeat,
1058 1053 1104 1090 ut
1117 1050 1284 1091 eundem
1301 1050 1391 1092 aliis
1403 1062 1500 1102 quo-

196 1124 270 1160 que
308 1111 402 1150 locis
440 1111 563 1161 iisque
605 1124 681 1150 non
714 1112 848 1162 paucis
887 1112 1093 1153 admiserit
1125 1112 1327 1154 Horatius.
1380 1111 1501 1165 Cujus

194 1173 249 1210 rei
275 1172 356 1210 haec
383 1171 478 1211 satis
505 1171 580 1211 erit
605 1172 785 1212 attulisse
812 1173 1011 1223 exempla:
1041 1173 1113 1212 0d.
1141 1174 1172 1222 1,
1201 1175 1262 1222 28,
1292 1178 1329 1214 4.
1356 1174 1407 1222 11,
1434 1176 1498 1223 20,

200 1234 258 1272 13.
287 1232 409 1282 Epod.
440 1235 497 1281 13,
527 1236 562 1272 3.
592 1237 625 1280 5,
659 1236 743 1273 100.
771 1233 850 1274 Sat.
878 1234 929 1282 ΙΙ,
958 1236 992 1282 3,
1021 1236 1116 1284 137;
1143 1234 1251 1276 alibi.

300 1293 450 1340 Cetera,
478 1306 565 1343 quae
605 1298 645 1336 et
684 1295 756 1334 hac
783 1295 831 1334 de
858 1295 982 1335 satira
1007 1299 1049 1335 et
1075 1296 1124 1335 de
1149 1296 1239 1336 aliis
1264 1296 1500 1347 quibusdam

198 1351 547 1451 locisdlgoratianis
574 1358 762 1394 annotata
789 1354 935 1402 vellem,
963 1355 1003 1395 in
1030 1355 1138 1397 aliud
1164 1359 1318 1408 tempus
1344 1367 1500 1398 necesse

202 1416 260 1451 est
313 1412 324 1450 i
357 1423 451 1452 erre.
