<?xml version="1.0" encoding="UTF-8"?>
<!DOCTYPE html PUBLIC "-//W3C//DTD XHTML 1.0 Transitional//EN"
    "http://www.w3.org/TR/xhtml1/DTD/xhtml1-transitional.dtd">
<html xmlns="http://www.w3.org/1999/xhtml" xml:lang="en" lang="en">
 <head>
  <title>
</title>
<meta http-equiv="Content-Type" content="text/html;charset=utf-8" />
  <meta name='ocr-system' content='tesseract 3.04.00' />
  <meta name='ocr-capabilities' content='ocr_page ocr_carea ocr_par ocr_line ocrx_word'/>
</head>
<body>
  <div class='ocr_page' id='page_1' title='image "./4622886_0009.png"; bbox 0 0 1626 2879; ppageno 0'>
   <div class='ocr_carea' id='block_1_1' title="bbox 397 877 1424 998">
    <p class='ocr_par' dir='ltr' id='par_1_1' title="bbox 397 877 1424 998">
     <span class='ocr_line' id='line_1_1' title="bbox 493 877 1424 937; baseline -0.001 -14"><span class='ocrx_word' id='word_1_1' title='bbox 493 883 670 937; x_wconf 77' lang='grc' dir='ltr'><strong><em>Θαρρεῖν,</em></strong></span> <span class='ocrx_word' id='word_1_2' title='bbox 697 877 731 922; x_wconf 79' lang='grc' dir='ltr'><em>ὦ</em></span> <span class='ocrx_word' id='word_1_3' title='bbox 759 880 957 937; x_wconf 79' lang='grc' dir='ltr'><strong><em>Θεαίτητε,</em></strong></span> <span class='ocrx_word' id='word_1_4' title='bbox 982 882 1053 937; x_wconf 84' lang='grc' dir='ltr'><strong>χρὴ</strong></span> <span class='ocrx_word' id='word_1_5' title='bbox 1078 881 1146 923; x_wconf 77' lang='grc' dir='ltr'><strong>τὸν</strong></span> <span class='ocrx_word' id='word_1_6' title='bbox 1170 881 1238 922; x_wconf 79' lang='grc' dir='ltr'><strong>καὶ</strong></span> <span class='ocrx_word' id='word_1_7' title='bbox 1262 878 1424 936; x_wconf 79' lang='grc' dir='ltr'><strong><em>σμικρόν</em></strong></span> 
     </span>
     <span class='ocr_line' id='line_1_2' title="bbox 397 941 1338 998; baseline -0.001 -14"><span class='ocrx_word' id='word_1_8' title='bbox 397 958 438 984; x_wconf 76' lang='grc' dir='ltr'><strong>τι</strong></span> <span class='ocrx_word' id='word_1_9' title='bbox 464 942 670 995; x_wconf 71' lang='grc' dir='ltr'><em>δυνάμενον</em></span> <span class='ocrx_word' id='word_1_10' title='bbox 695 942 752 992; x_wconf 83' lang='grc' dir='ltr'><strong>εἶς</strong></span> <span class='ocrx_word' id='word_1_11' title='bbox 776 945 823 984; x_wconf 77' lang='grc' dir='ltr'><strong>τὸ</strong></span> <span class='ocrx_word' id='word_1_12' title='bbox 848 942 1029 998; x_wconf 72' lang='grc' dir='ltr'><strong><em>πρόσθεν</em></strong></span> <span class='ocrx_word' id='word_1_13' title='bbox 1053 941 1118 984; x_wconf 78' lang='grc' dir='ltr'><strong>ἀεὶ</strong></span> <span class='ocrx_word' id='word_1_14' title='bbox 1140 942 1338 995; x_wconf 72' lang='grc' dir='ltr'><strong><em>προιέναι.</em></strong></span> 
     </span>
    </p>
   </div>
   <div class='ocr_carea' id='block_1_2' title="bbox 1027 1023 1299 1078">
    <p class='ocr_par' dir='ltr' id='par_1_2' title="bbox 1027 1023 1299 1078">
     <span class='ocr_line' id='line_1_3' title="bbox 1027 1023 1299 1078; baseline -0.004 -11"><span class='ocrx_word' id='word_1_15' title='bbox 1027 1025 1141 1067; x_wconf 75' lang='lat' dir='ltr'><strong>Plst.</strong></span> <span class='ocrx_word' id='word_1_16' title='bbox 1168 1023 1299 1078; x_wconf 67' lang='grc' dir='ltr'>δοιὼ.</span> 
     </span>
    </p>
   </div>
   <div class='ocr_carea' id='block_1_3' title="bbox 120 1121 1422 1878">
    <p class='ocr_par' dir='ltr' id='par_1_3' title="bbox 120 1121 1422 1878">
     <span class='ocr_line' id='line_1_4' title="bbox 125 1121 1421 1211; baseline 0 -14"><span class='ocrx_word' id='word_1_17' title='bbox 125 1121 201 1197; x_wconf 84' lang='lat' dir='ltr'><strong>De</strong></span> <span class='ocrx_word' id='word_1_18' title='bbox 226 1157 393 1198; x_wconf 81' lang='lat' dir='ltr'><strong>Horatio</strong></span> <span class='ocrx_word' id='word_1_19' title='bbox 432 1162 547 1210; x_wconf 82' lang='lat' dir='ltr'><strong>poeta</strong></span> <span class='ocrx_word' id='word_1_20' title='bbox 586 1159 743 1211; x_wconf 88' lang='lat' dir='ltr'><strong>ejusque</strong></span> <span class='ocrx_word' id='word_1_21' title='bbox 767 1159 948 1211; x_wconf 82' lang='lat' dir='ltr'>operibus</span> <span class='ocrx_word' id='word_1_22' title='bbox 973 1159 1084 1199; x_wconf 87' lang='lat' dir='ltr'><strong>multi</strong></span> <span class='ocrx_word' id='word_1_23' title='bbox 1108 1158 1233 1199; x_wconf 75' lang='lat' dir='ltr'><strong>multa</strong></span> <span class='ocrx_word' id='word_1_24' title='bbox 1257 1159 1421 1210; x_wconf 85' lang='lat' dir='ltr'><strong>seripse-</strong></span> 
     </span>
     <span class='ocr_line' id='line_1_5' title="bbox 124 1219 1422 1275; baseline 0 -17"><span class='ocrx_word' id='word_1_25' title='bbox 124 1222 219 1258; x_wconf 88' lang='lat' dir='ltr'><strong>runt</strong></span> <span class='ocrx_word' id='word_1_26' title='bbox 243 1219 349 1270; x_wconf 87' lang='lat' dir='ltr'><strong>iique</strong></span> <span class='ocrx_word' id='word_1_27' title='bbox 374 1220 447 1259; x_wconf 88' lang='lat' dir='ltr'><strong>viri</strong></span> <span class='ocrx_word' id='word_1_28' title='bbox 472 1220 694 1269; x_wconf 78' lang='lat' dir='ltr'><strong>doctissimi,</strong></span> <span class='ocrx_word' id='word_1_29' title='bbox 721 1224 767 1260; x_wconf 87' lang='lat' dir='ltr'><strong>ut</strong></span> <span class='ocrx_word' id='word_1_30' title='bbox 791 1222 833 1259; x_wconf 93' lang='lat' dir='ltr'><strong>et</strong></span> <span class='ocrx_word' id='word_1_31' title='bbox 857 1223 989 1260; x_wconf 85' lang='lat' dir='ltr'><strong>actum</strong></span> <span class='ocrx_word' id='word_1_32' title='bbox 1014 1231 1131 1270; x_wconf 84' lang='lat' dir='ltr'><strong>agere</strong></span> <span class='ocrx_word' id='word_1_33' title='bbox 1156 1222 1197 1258; x_wconf 88' lang='lat' dir='ltr'><strong>et</strong></span> <span class='ocrx_word' id='word_1_34' title='bbox 1213 1219 1422 1275; x_wconf 80' lang='lat' dir='ltr'><strong>vixoperae</strong></span> 
     </span>
     <span class='ocr_line' id='line_1_6' title="bbox 122 1279 1419 1332; baseline 0 -13"><span class='ocrx_word' id='word_1_35' title='bbox 122 1281 291 1331; x_wconf 83' lang='lat' dir='ltr'><strong>pretium</strong></span> <span class='ocrx_word' id='word_1_36' title='bbox 316 1281 446 1321; x_wconf 84' lang='lat' dir='ltr'><strong>facere</strong></span> <span class='ocrx_word' id='word_1_37' title='bbox 469 1280 636 1321; x_wconf 82' lang='lat' dir='ltr'><strong>fortasse</strong></span> <span class='ocrx_word' id='word_1_38' title='bbox 659 1281 804 1329; x_wconf 77' lang='lat' dir='ltr'><strong>videar,</strong></span> <span class='ocrx_word' id='word_1_39' title='bbox 832 1281 866 1321; x_wconf 88' lang='lat' dir='ltr'><strong>si</strong></span> <span class='ocrx_word' id='word_1_40' title='bbox 891 1281 1064 1321; x_wconf 78' lang='lat' dir='ltr'><strong>carmina</strong></span> <span class='ocrx_word' id='word_1_41' title='bbox 1088 1280 1266 1332; x_wconf 65' lang='lat' dir='ltr'><strong>quaedam</strong></span> <span class='ocrx_word' id='word_1_42' title='bbox 1291 1279 1419 1319; x_wconf 81' lang='lat' dir='ltr'><strong>Hora-</strong></span> 
     </span>
     <span class='ocr_line' id='line_1_7' title="bbox 120 1340 1419 1394; baseline -0.002 -12"><span class='ocrx_word' id='word_1_43' title='bbox 120 1341 230 1382; x_wconf 78' lang='lat' dir='ltr'><strong>tiana</strong></span> <span class='ocrx_word' id='word_1_44' title='bbox 254 1342 380 1382; x_wconf 79' lang='lat' dir='ltr'><strong>denuo</strong></span> <span class='ocrx_word' id='word_1_45' title='bbox 406 1342 613 1382; x_wconf 80' lang='lat' dir='ltr'><strong>tractanda</strong></span> <span class='ocrx_word' id='word_1_46' title='bbox 644 1342 890 1394; x_wconf 82' lang='lat' dir='ltr'><strong>susceperim.</strong></span> <span class='ocrx_word' id='word_1_47' title='bbox 942 1341 1077 1393; x_wconf 82' lang='lat' dir='ltr'><strong>Neque</strong></span> <span class='ocrx_word' id='word_1_48' title='bbox 1101 1344 1245 1391; x_wconf 86' lang='lat' dir='ltr'><strong>tamen,</strong></span> <span class='ocrx_word' id='word_1_49' title='bbox 1272 1351 1334 1379; x_wconf 88' lang='lat' dir='ltr'><strong>me</strong></span> <span class='ocrx_word' id='word_1_50' title='bbox 1353 1340 1419 1392; x_wconf 84' lang='lat' dir='ltr'><strong>ju-</strong></span> 
     </span>
     <span class='ocr_line' id='line_1_8' title="bbox 122 1400 1420 1454; baseline -0.001 -13"><span class='ocrx_word' id='word_1_51' title='bbox 122 1401 218 1449; x_wconf 77' lang='lat' dir='ltr'><strong>dice,</strong></span> <span class='ocrx_word' id='word_1_52' title='bbox 257 1402 316 1442; x_wconf 80' lang='lat' dir='ltr'><strong>ita</strong></span> <span class='ocrx_word' id='word_1_53' title='bbox 353 1402 483 1442; x_wconf 85' lang='lat' dir='ltr'><strong>omnia</strong></span> <span class='ocrx_word' id='word_1_54' title='bbox 514 1402 788 1443; x_wconf 81' lang='lat' dir='ltr'><strong>examinarunt</strong></span> <span class='ocrx_word' id='word_1_55' title='bbox 811 1403 1123 1454; x_wconf 82' lang='lat' dir='ltr'><strong>perserutatique</strong></span> <span class='ocrx_word' id='word_1_56' title='bbox 1149 1404 1242 1441; x_wconf 83' lang='lat' dir='ltr'><strong>sunt</strong></span> <span class='ocrx_word' id='word_1_57' title='bbox 1266 1401 1340 1441; x_wconf 84' lang='lat' dir='ltr'><strong>viri</strong></span> <span class='ocrx_word' id='word_1_58' title='bbox 1363 1400 1420 1440; x_wconf 88' lang='lat' dir='ltr'><strong>illi</strong></span> 
     </span>
     <span class='ocr_line' id='line_1_9' title="bbox 123 1463 1422 1513; baseline -0.001 -11"><span class='ocrx_word' id='word_1_59' title='bbox 123 1463 444 1513; x_wconf 69' lang='lat' dir='ltr'><strong>praestantissimi,</strong></span> <span class='ocrx_word' id='word_1_60' title='bbox 471 1466 517 1502; x_wconf 87' lang='lat' dir='ltr'><strong>ut</strong></span> <span class='ocrx_word' id='word_1_61' title='bbox 543 1463 637 1502; x_wconf 91' lang='lat' dir='ltr'><strong>nihil</strong></span> <span class='ocrx_word' id='word_1_62' title='bbox 662 1464 817 1502; x_wconf 90' lang='lat' dir='ltr'><strong>omnino</strong></span> <span class='ocrx_word' id='word_1_63' title='bbox 842 1465 914 1502; x_wconf 81' lang='lat' dir='ltr'><strong>aut</strong></span> <span class='ocrx_word' id='word_1_64' title='bbox 929 1463 972 1502; x_wconf 91' lang='lat' dir='ltr'><strong>in</strong></span> <span class='ocrx_word' id='word_1_65' title='bbox 988 1463 1073 1513; x_wconf 83' lang='lat' dir='ltr'><strong>ipso</strong></span> <span class='ocrx_word' id='word_1_66' title='bbox 1093 1466 1289 1510; x_wconf 83' lang='lat' dir='ltr'><strong>contextu,</strong></span> <span class='ocrx_word' id='word_1_67' title='bbox 1303 1473 1422 1512; x_wconf 87' lang='lat' dir='ltr'><strong>quem</strong></span> 
     </span>
     <span class='ocr_line' id='line_1_10' title="bbox 123 1522 1418 1573; baseline -0.001 -11"><span class='ocrx_word' id='word_1_68' title='bbox 123 1522 270 1572; x_wconf 88' lang='lat' dir='ltr'><strong>dicunt,</strong></span> <span class='ocrx_word' id='word_1_69' title='bbox 299 1522 538 1573; x_wconf 76' lang='lat' dir='ltr'><strong>corrigendo,</strong></span> <span class='ocrx_word' id='word_1_70' title='bbox 565 1526 636 1562; x_wconf 81' lang='lat' dir='ltr'><strong>aut</strong></span> <span class='ocrx_word' id='word_1_71' title='bbox 660 1522 702 1562; x_wconf 91' lang='lat' dir='ltr'><strong>in</strong></span> <span class='ocrx_word' id='word_1_72' title='bbox 727 1523 927 1562; x_wconf 81' lang='lat' dir='ltr'><strong>sententiis</strong></span> <span class='ocrx_word' id='word_1_73' title='bbox 952 1522 1174 1567; x_wconf 79' lang='lat' dir='ltr'><strong>accuratius</strong></span> <span class='ocrx_word' id='word_1_74' title='bbox 1199 1522 1418 1573; x_wconf 85' lang='lat' dir='ltr'><strong>exprimen-</strong></span> 
     </span>
     <span class='ocr_line' id='line_1_11' title="bbox 123 1581 1419 1634; baseline -0.001 -11"><span class='ocrx_word' id='word_1_75' title='bbox 123 1583 185 1623; x_wconf 85' lang='lat' dir='ltr'><strong>dis</strong></span> <span class='ocrx_word' id='word_1_76' title='bbox 211 1583 424 1633; x_wconf 89' lang='lat' dir='ltr'><strong>meliusque</strong></span> <span class='ocrx_word' id='word_1_77' title='bbox 440 1582 743 1634; x_wconf 80' lang='lat' dir='ltr'><strong>interpretandis</strong></span> <span class='ocrx_word' id='word_1_78' title='bbox 756 1581 854 1623; x_wconf 86' lang='lat' dir='ltr'><strong>effiei</strong></span> <span class='ocrx_word' id='word_1_79' title='bbox 866 1583 1003 1634; x_wconf 88' lang='lat' dir='ltr'><strong>possit.</strong></span> <span class='ocrx_word' id='word_1_80' title='bbox 1029 1584 1217 1623; x_wconf 84' lang='lat' dir='ltr'><strong>Attamen</strong></span> <span class='ocrx_word' id='word_1_81' title='bbox 1228 1582 1304 1622; x_wconf 84' lang='lat' dir='ltr'><strong>hoc</strong></span> <span class='ocrx_word' id='word_1_82' title='bbox 1320 1586 1419 1622; x_wconf 90' lang='lat' dir='ltr'><strong>tem-</strong></span> 
     </span>
     <span class='ocr_line' id='line_1_12' title="bbox 122 1642 1417 1695; baseline -0.002 -11"><span class='ocrx_word' id='word_1_83' title='bbox 122 1656 219 1695; x_wconf 89' lang='lat' dir='ltr'><strong>pore</strong></span> <span class='ocrx_word' id='word_1_84' title='bbox 244 1656 332 1683; x_wconf 85' lang='lat' dir='ltr'><strong>non</strong></span> <span class='ocrx_word' id='word_1_85' title='bbox 345 1644 386 1683; x_wconf 90' lang='lat' dir='ltr'><strong>in</strong></span> <span class='ocrx_word' id='word_1_86' title='bbox 410 1643 539 1683; x_wconf 77' lang='lat' dir='ltr'><strong>animo</strong></span> <span class='ocrx_word' id='word_1_87' title='bbox 565 1646 626 1683; x_wconf 89' lang='lat' dir='ltr'><strong>est</strong></span> <span class='ocrx_word' id='word_1_88' title='bbox 650 1642 791 1692; x_wconf 83' lang='lat' dir='ltr'><strong>omnia,</strong></span> <span class='ocrx_word' id='word_1_89' title='bbox 820 1656 918 1693; x_wconf 86' lang='lat' dir='ltr'><strong>quae,</strong></span> <span class='ocrx_word' id='word_1_90' title='bbox 932 1643 1073 1694; x_wconf 88' lang='lat' dir='ltr'><strong>quibus</strong></span> <span class='ocrx_word' id='word_1_91' title='bbox 1090 1642 1316 1693; x_wconf 86' lang='lat' dir='ltr'><strong>diligentius</strong></span> <span class='ocrx_word' id='word_1_92' title='bbox 1334 1646 1417 1683; x_wconf 87' lang='lat' dir='ltr'><strong>stu-</strong></span> 
     </span>
     <span class='ocr_line' id='line_1_13' title="bbox 122 1703 1417 1755; baseline -0.002 -11"><span class='ocrx_word' id='word_1_93' title='bbox 122 1704 273 1754; x_wconf 84' lang='lat' dir='ltr'><strong>deatur,</strong></span> <span class='ocrx_word' id='word_1_94' title='bbox 301 1705 420 1755; x_wconf 83' lang='lat' dir='ltr'><strong>digna</strong></span> <span class='ocrx_word' id='word_1_95' title='bbox 445 1705 532 1752; x_wconf 90' lang='lat' dir='ltr'><strong>sint,</strong></span> <span class='ocrx_word' id='word_1_96' title='bbox 558 1708 739 1753; x_wconf 74' lang='lat' dir='ltr'><strong>tractare,</strong></span> <span class='ocrx_word' id='word_1_97' title='bbox 767 1703 836 1743; x_wconf 87' lang='lat' dir='ltr'><strong>sed</strong></span> <span class='ocrx_word' id='word_1_98' title='bbox 861 1716 927 1743; x_wconf 88' lang='lat' dir='ltr'><strong>eos</strong></span> <span class='ocrx_word' id='word_1_99' title='bbox 952 1704 1079 1743; x_wconf 87' lang='lat' dir='ltr'><strong>solum</strong></span> <span class='ocrx_word' id='word_1_100' title='bbox 1103 1703 1208 1743; x_wconf 79' lang='lat' dir='ltr'><strong>locos</strong></span> <span class='ocrx_word' id='word_1_101' title='bbox 1224 1704 1417 1754; x_wconf 83' lang='lat' dir='ltr'><strong>praeeipue</strong></span> 
     </span>
     <span class='ocr_line' id='line_1_14' title="bbox 122 1763 1416 1816; baseline -0.002 -11"><span class='ocrx_word' id='word_1_102' title='bbox 122 1765 368 1816; x_wconf 83' lang='lat' dir='ltr'><strong>investigare,</strong></span> <span class='ocrx_word' id='word_1_103' title='bbox 396 1765 464 1815; x_wconf 92' lang='lat' dir='ltr'><strong>qui</strong></span> <span class='ocrx_word' id='word_1_104' title='bbox 489 1764 584 1804; x_wconf 85' lang='lat' dir='ltr'><strong>mihi</strong></span> <span class='ocrx_word' id='word_1_105' title='bbox 609 1764 775 1815; x_wconf 85' lang='lat' dir='ltr'><strong>quidem,</strong></span> <span class='ocrx_word' id='word_1_106' title='bbox 803 1763 1010 1805; x_wconf 87' lang='lat' dir='ltr'><strong>Horatium</strong></span> <span class='ocrx_word' id='word_1_107' title='bbox 1025 1763 1179 1815; x_wconf 85' lang='lat' dir='ltr'><strong>legenti,</strong></span> <span class='ocrx_word' id='word_1_108' title='bbox 1198 1763 1416 1805; x_wconf 83' lang='lat' dir='ltr'><strong>uberiorem</strong></span> 
     </span>
     <span class='ocr_line' id='line_1_15' title="bbox 122 1825 1211 1878; baseline -0.004 -9"><span class='ocrx_word' id='word_1_109' title='bbox 122 1827 322 1878; x_wconf 79' lang='lat' dir='ltr'><strong>quandam</strong></span> <span class='ocrx_word' id='word_1_110' title='bbox 347 1826 418 1867; x_wconf 85' lang='lat' dir='ltr'><strong>visi</strong></span> <span class='ocrx_word' id='word_1_111' title='bbox 444 1826 522 1867; x_wconf 89' lang='lat' dir='ltr'><strong>sint</strong></span> <span class='ocrx_word' id='word_1_112' title='bbox 545 1825 718 1878; x_wconf 85' lang='lat' dir='ltr'><strong>praebere</strong></span> <span class='ocrx_word' id='word_1_113' title='bbox 744 1825 970 1877; x_wconf 82' lang='lat' dir='ltr'><strong>disputandi</strong></span> <span class='ocrx_word' id='word_1_114' title='bbox 994 1825 1211 1868; x_wconf 79' lang='lat' dir='ltr'><strong>materiam.</strong></span> 
     </span>
    </p>
   </div>
  </div>
 </body>
</html>
