1626 2879
790 308 842 345 15

161 428 239 458 non
265 418 328 466 sit,
353 418 431 469 qui,
459 418 611 458 etiamsi
637 418 690 468 id,
716 419 821 470 quod
847 420 1026 470 suscepit,
1044 418 1226 467 effecerit,
1250 423 1381 462 tamen
1398 420 1458 460 ni-

162 479 229 518 hil
243 477 431 519 effecisse
438 479 628 519 videatur.
661 479 790 526 Quare
816 480 935 531 longe
958 481 1194 531 gravissime
1206 480 1290 521 haec
1315 480 1458 521 acerba

163 538 348 580 irrisione
367 553 416 581 ex
441 540 574 581 animo
598 541 706 581 avari
731 541 930 582 dicuutur.
957 542 990 582 si
1012 546 1268 592 cognatorum
1285 554 1458 582 amorem

166 602 335 641 retinere
361 603 463 651 velis,
497 602 637 641 videris
662 602 734 641 tibi
759 602 892 642 infelix
917 604 1090 643 laborem
1116 603 1310 653 suscipere
1333 603 1375 642 in
1399 615 1456 652 re,

161 671 249 713 quae
274 661 382 702 nullo
408 661 543 703 labore
567 663 686 713 digna
712 663 784 704 sit.
814 664 943 715 Atque
973 663 1056 704 haec
1081 664 1281 715 apfissime
1311 676 1380 715 per
1411 667 1457 704 at

161 723 395 773 particulam
433 724 698 774 superioribus
727 724 1012 775 adjunguntur:
1029 725 1272 765 stultissime
1303 724 1456 764 miraris

162 788 203 823 te
228 796 307 824 non
332 784 476 833 amari3
516 789 559 824 at
592 785 694 824 hunc
718 791 889 826 amntem
913 799 992 825 non
1016 786 1118 825 tanti
1143 789 1270 836 putas,
1297 789 1343 825 ut
1364 799 1455 825 eum

163 846 333 885 retinere
356 845 461 886 velis.
515 846 623 886 Dixit
659 846 781 897 igitur
819 847 1016 896 Horatius,
1047 852 1093 887 ut
1119 851 1259 886 nostrae
1285 847 1455 898 explica-

162 906 260 945 tioni
285 907 472 954 convenit,
500 907 549 946 de
573 920 616 946 re
641 906 787 946 difficili
811 907 993 954 (difficilis
1031 909 1133 947 enim
1173 920 1291 947 avam
1331 909 1456 948 omnis

163 977 289 1017 opera
302 966 477 1016 videtur,
505 980 583 1018 qua
608 968 773 1018 pecunia
790 980 867 1007 non
886 969 1100 1019 qum-atur)
1113 972 1153 1007 et
1164 969 1314 1007 nullum
1329 979 1456 1018 operoe

162 1028 332 1079 pretinm
357 1028 537 1069 allatura.
589 1028 819 1069 Universum
845 1029 1045 1070 sententiae
1069 1031 1160 1077 vim,
1185 1030 1259 1069 nisi
1286 1029 1391 1079 quod
1408 1029 1458 1070 de

164 1089 293 1129 verbis
332 1102 487 1139 operam
522 1091 666 1140 perdas
704 1090 801 1130 nihil
833 1092 994 1140 monuit,
1023 1092 1121 1130 bene
1141 1091 1224 1141 jam
1250 1090 1457 1141 explicavit

164 1151 278 1200 Acro,
306 1151 417 1202 cujus
435 1150 553 1190 verba
574 1152 717 1191 rectius
730 1151 874 1202 scripta
892 1152 1054 1192 servavit
1071 1156 1274 1191 comment.
1298 1151 1456 1201 Crucq‚:

164 1212 235 1251 “At
261 1212 294 1251 si
321 1216 503 1262 cognatos
529 1212 612 1261 tibi,
640 1225 736 1262 quos
763 1217 908 1252 natura
931 1214 1119 1252 concessit
1144 1213 1299 1260 amicos,
1316 1211 1455 1251 hum&

164 1274 287 1313 nitate
312 1273 540 1319 devinxeris,
579 1273 720 1312 videris
746 1273 817 1313 tibi
842 1274 899 1312 ita
926 1285 1083 1323 operam
1108 1273 1281 1324 perdere,
1309 1275 1354 1310 ut
1378 1271 1455 1320 ille,

164 1335 231 1385 qui
256 1333 376 1374 asino
393 1334 499 1375 velut
525 1347 623 1384 equo
649 1334 742 1374 velit
767 1335 845 1374 uti''
866 1336 912 1380 ⁷).

279 1395 323 1440 V,
349 1398 406 1435 92
432 1417 481 1423 —
509 1392 716 1446 quumque)
755 1393 849 1434 Haec
881 1398 926 1433 ut
965 1394 1161 1444 ingeniose
1194 1394 1249 1432 s'ic
1274 1404 1392 1443 prave
1417 1392 1459 1431 in

164 1468 314 1509 quoque
349 1456 497 1506 primus
536 1455 786 1495 commutavit
823 1454 1009 1502 Muretus,
1049 1455 1159 1505 cujus
1198 1454 1458 1504 conjecturam

166 1516 347 1557 nonnulli
363 1516 548 1566 amplexi
587 1519 681 1555 sunt
716 1516 897 1555 editores,
948 1515 1053 1555 Illud
1069 1515 1188 1555 renim
1212 1527 1288 1566 quo
1312 1514 1348 1553 si
1373 1526 1460 1553 cum

159 1578 260 1627 plus
283 1578 547 1628 comparativo
573 1578 828 1628 conjunxeris,
843 1577 1036 1616 sententia
1052 1577 1141 1615 huic
1165 1577 1251 1615 loco
1268 1576 1385 1625 plane
1399 1586 1460 1614 re-

165 1649 346 1688 pugnans
370 1636 521 1677 evadet.
573 1637 674 1677 Nam
698 1637 769 1676 illa
793 1650 943 1689 quoque
966 1637 1112 1676 habeas
1134 1637 1234 1685 plus
1258 1636 1364 1675 dicta
1389 1648 1460 1685 pu

166 1702 226 1739 tes
264 1695 420 1740 necesse
458 1698 534 1738 erit
570 1710 618 1737 ex
656 1699 763 1738 avari
803 1697 995 1738 sententia
1020 1698 1073 1737 ad
1104 1709 1323 1748 perversam
1349 1709 1459 1736 suam

165 1759 309 1810 agendi
334 1760 525 1799 rationem
549 1757 811 1799 excusandam
836 1758 908 1808 vel,
935 1758 969 1798 si
994 1758 1078 1797 fieri
1102 1757 1235 1809 possit,
1251 1757 1458 1798 defenden-

166 1821 323 1867 dam-⁸).
375 1821 563 1860 Pei-versa
587 1821 709 1871 igitur
733 1818 836 1859 foret
860 1819 1046 1870 ejusmodi
1077 1819 1194 1869 hujus
1218 1818 1291 1857 loci
1317 1817 1458 1857 intelli·

167 1882 311 1932 gentia.
364 1882 486 1933 Atqui
523 1882 620 1922 illud
658 1894 735 1933 quo
770 1881 935 1921 fortasse
961 1892 1007 1919 eo
1032 1880 1148 1919 modo
1174 1878 1456 1930 explicandum,

166 1954 244 1994 quo
284 1943 369 1983 vult
406 1943 673 1990 Doederlinus,
699 1941 777 1993 qui,
804 1941 893 1981 Joh.
919 1942 994 1980 Ad.
1021 1940 1202 1980 Schaeferi
1225 1941 1456 1989 interpreta-

167 2004 313 2044 tionem
338 2003 513 2051 laudans,
539 2003 647 2042 illud.
660 2015 735 2053 quo
760 2013 831 2052 pro
857 2013 903 2041 eo
927 2001 1098 2051 positum
1121 1999 1334 2046 essedicit,
1353 1999 1457 2049 quod

168 2068 229 2105 est
267 2067 313 2104 ut
351 2076 394 2104 eo
429 2064 522 2114 plus
561 2067 601 2102 et
638 2062 738 2103 hanc
771 2062 851 2101 fere
877 2073 960 2101 esse
984 2061 1060 2101 loci
1086 2060 1317 2100 sententiam
1332 2062 1383 2106 9);
1411 2061 1457 2098 ut

252 2175 352 2216 ⁷)Ut
380 2174 564 2217 perspicius
586 2171 752 2216 quomodo
782 2172 915 2214 Infeln'oe
942 2170 1028 2204 illud
1056 2169 1257 2212 adiectivmu
1287 2178 1397 2203 νει-ιιι
1417 2143 1459 2203 90
1502 2217 1505 2219 Δ

168 2225 453 2268 interpretandum
475 2226 528 2266 sit,
547 2225 698 2259 conferas
717 2223 818 2256 velim
840 2221 956 2255 Omllii
973 2221 1149 2254 ”Analecta
1163 2219 1372 2261 Horatiana*
1385 2226 1462 2261 pag.

170 2277 210 2308 27
230 2278 397 2369 ΘΧἔπ’(ἓοιιΐ.
417 2326 551 2360 Kirchn.
572 2326 594 2358 l.
615 2325 637 2357 l.
657 2334 731 2367 pag.
752 2325 802 2356 17.
842 2334 845 2337 ’

254 2379 393 2419 'imur
410 2379 466 2412 die
484 2378 671 2419 Gruquiuua
700 2376 762 2408 mit
794 2376 907 2408 Mutet
931 2374 1035 2407 bietet
1059 2381 1191 2415 quoquo
1217 2373 1301 2404 statt
1325 2378 1460 2410 mamque

169 2430 271 2462 allein
291 2430 417 2472 richtig
437 2430 499 2470 (¹?);
518 2439 581 2462 nur
606 2438 697 2460 muss
718 2436 795 2460 man
816 2436 881 2468 quo
906 2425 1000 2458 nicht
1025 2424 1075 2456 als
1101 2423 1291 2457 Relativum
1318 2420 1460 2455 nehmen
