1626 2879
813 265 838 302 9

170 363 300 403 varios
323 361 596 413 significantia,
635 375 742 405 cum.
764 364 935 416 genitivo
960 365 1202 417 conjungunt
1226 367 1372 417 poetoe;
1404 376 1472 405 cu·

165 423 233 475 jus
271 424 422 475 generis
460 425 636 477 exempla
678 426 786 478 apud
829 426 1039 478 Horatium
1076 426 1327 467 inveniuntur
1365 426 1472 467 haud

169 497 313 535 panon:
353 485 525 534 Avarus,
550 486 599 526 A.
625 487 670 527 P.
697 489 785 528 324.
837 487 1013 527 Bibulus
1038 487 1110 538 Ep.
1136 488 1168 535 Ι,
1196 490 1258 537 14,
1285 490 1347 528 34.
1404 482 1471 526 1⁹2·-

169 546 299 587 ma'dus
323 546 372 586 Α.
398 546 443 586 Ρ.
471 548 533 588 28.
587 546 757 589 Secum
783 547 856 601 Ep.
882 548 935 597 11,
963 550 999 599 2,
1028 551 1089 588 17.
1140 548 1297 589 Lassus
1314 548 1391 588 Od.
1416 546 1469 597 11,

170 609 207 653 6,
233 609 270 648 7.
295 608 375 648 alia
390 610 439 656 ⁸).

282 669 326 711 V.
353 673 411 711 42
440 692 488 701 -—
514 669 693 725 defossa)
729 684 801 724 pro
839 672 983 724 qffossa
1013 684 1084 725 per
1108 672 1353 725 hypallagen.
1405 670 1467 711 Si·

170 744 292 782 gnum
316 736 450 771 autem
475 732 744 783 interrogandi
775 734 987 778 admodum
1011 746 1146 773 vereor
1171 746 1220 772 ne
1244 737 1334 784 post
1360 736 1468 782 ema

165 792 290 833 subst.
318 792 527 834 delendum
552 793 604 834 sit
629 797 670 834 et
693 794 734 834 in
763 794 841 835 fine
871 795 1069 846 sequentis
1086 806 1219 843 versus
1234 792 1467 846 ponendum,

163 855 206 895 id
231 854 337 906 quod
362 854 415 895 ab
440 855 654 897 editoribus
680 856 899 906 neglectum
925 869 1009 896 esse
1033 856 1217 896 admiror.

279 915 323 957 V.
349 918 402 957 50
429 939 478 946 -
504 917 662 968 viventi)
691 916 947 968 Usurpandus
972 916 1104 958 fuerat
1135 917 1254 967 genit.
1286 916 1467 962 viventi&

163 989 290 1028 neque
315 980 449 1016 tamen
474 981 535 1016 est
560 990 631 1016 cur
655 975 913 1017 offendamur:
953 981 1024 1017 aut
1054 978 1157 1017 enim
1181 981 1299 1028 poeta
1322 977 1465 1016 viventi

163 1041 204 1077 et
227 1037 378 1089 reserat
402 1038 530 1077 minus
553 1040 641 1078 arte
666 1050 843 1079 connexa
867 1037 1001 1088 voluit,
1041 1042 1122 1088 aut,
1156 1043 1205 1078 ut
1227 1038 1356 1090 placet
1382 1038 1464 1078 Dil-

160 1098 406 1150 lenburgero‚
431 1099 581 1150 rqferat
605 1112 694 1139 cum
718 1099 851 1140 dativo
875 1099 1078 1149 commodi,
1118 1099 1187 1151 qui
1211 1099 1366 1151 dicitur,
1400 1112 1463 1140 sa-

167 1161 222 1200 tis
246 1161 457 1201 insolenter
482 1161 521 1200 h.
547 1161 573 1200 1.
601 1161 849 1213 conjungitur
864 1164 912 1208 ⁸).

275 1221 319 1263 V.
344 1224 402 1263 52
427 1245 477 1251 —-
502 1222 680 1276 haurire)
705 1221 946 1262 Infinitivum
971 1222 1010 1262 h.
1036 1222 1066 1262 1.
1091 1224 1258 1273 usurpat
1274 1221 1463 1263 Horatius

159 1296 233 1335 pro
258 1283 464 1334 participio
478 1282 601 1324 futuri
619 1284 774 1334 passivi,
801 1288 847 1324 ut
871 1284 946 1323 Od.
971 1284 1012 1332 1„
1029 1286 1091 1333 26,
1118 1286 1161 1323 3:
1189 1284 1345 1337 tradam
1364 1296 1460 1333 por-

164 1348 251 1385 tare
275 1345 400 1385 ventis
427 1344 634 1385 tristitiam
659 1348 697 1386 et
720 1348 848 1386 metus
872 1344 1048 1392 (tradam
1072 1344 1195 1384 ventis
1226 1343 1459 1395 portandam

162 1406 365 1447 tristitiam
404 1408 445 1445 οι
475 1410 634 1453 metus).
685 1405 774 1446 Non
798 1405 923 1446 multo
949 1406 1063 1446 aliter
1087 1410 1204 1457 poeta
1227 1405 1463 1445 infinitivum

162 1471 238 1509 act.
265 1479 355 1506 cum
380 1466 498 1506 verbo
525 1466 705 1506 censendi
730 1467 928 1518 conjunxit
952 1466 1066 1518 Epist
1089 1466 1121 1516 1,
1150 1469 1185 1515 2,
1214 1469 1257 1507 9:
1284 1467 1464 1507 Antenor

164 1531 295 1572 censet
323 1527 416 1567 belli
435 1528 648 1578 praecidere
673 1540 843 1567 causam.
868 1528 963 1574 Quae
981 1530 1114 1567 tamen
1138 1527 1346 1567 verborum
1371 1539 1463 1567 con-

161 1589 323 1630 sociatio
349 1589 582 1642 praegnanti,
620 1592 666 1629 ut
689 1588 748 1628 ita
774 1588 913 1637 dicam,
951 1588 1054 1629 illius
1093 1588 1210 1638 verbi,
1254 1588 1360 1640 quod
1397 1592 1459 1628 est

157 1664 325 1699 censere,
362 1650 645 1701 significatione
682 1650 914 1701 explicanda
951 1653 1022 1690 est.
1075 1649 1176 1690 Nam
1208 1649 1310 1689 sicut
1336 1650 1462 1689 videri

159 1723 264 1764 soepe
288 1713 347 1752 ita
372 1716 595 1764 usurpatur,
621 1716 667 1752 ut
691 1712 795 1752 idem
819 1711 957 1760 valeat,
982 1724 1030 1752 ac
1056 1724 1207 1763 aeqwum
1231 1711 1293 1751 vel
1319 1711 1460 1752 bonum

159 1773 292 1823 videri,
313 1775 377 1814 ita
400 1773 563 1814 verbum
587 1774 769 1814 censendi
793 1773 833 1812 h.
859 1774 888 1813 1.
905 1773 1009 1813 idem
1021 1773 1151 1813 valere
1167 1773 1334 1820 videtur,
1354 1772 1460 1823 quod

158 1841 312 1886 «equum
325 1838 464 1875 censet.
490 1834 733 1885 Quamquam
745 1833 830 1873 fieri
842 1837 983 1885 potest,
996 1837 1042 1874 ιιι
1055 1833 1219 1874 Horatio
1232 1833 1459 1873 obversatus

156 1890 209 1935 sit
233 1895 268 1935 is
295 1894 521 1935 Graecorum
547 1894 731 1944 loquendi
754 1907 860 1941 usus,
875 1907 952 1944 quo
969 1894 1098 1934 verbis
1111 1891 1306 1946 ἡγεῖσθαι,
1320 1894 1458 1935 δοκεῖν,

158 1955 352 1995 similibus
378 1955 540 1995 eandem
566 1955 814 2005 subjecerunt
832 1955 1028 1993 notionem
1047 1953 1172 1993 Graeci
1185 1955 1394 2004 scriptores
1410 1957 1458 2000 ⁵).

237 2088 268 2127 ¹)
288 2085 382 2120 Conf.
405 2086 441 2119 F.
462 2087 503 2119 A.
524 2086 564 2118 A.
594 2084 694 2118 Bach.
715 2085 738 2117 1.
758 2085 782 2118 1.
801 2094 879 2128 pag.
905 2086 956 2117 41.
996 2084 1129 2120 Rudini.
1159 2086 1241 2118 Inst.
1272 2086 1383 2118 Gram.
1414 2085 1459 2126 11,

157 2138 416 2228 1³⁰8⁸⁸⁸)7153‘0di2181i
435 2187 535 2221 modo
555 2196 626 2220 rem
653 2185 891 2229 expediendam
921 2188 1058 2219 censent
1085 2187 1124 2220 G.
1145 2187 1184 2220 T.
1205 2188 1246 2219 A.
1266 2186 1457 2229 Kruegerus

156 2239 283 2279 (Gn-am.
313 2238 388 2271 Lat.
409 2240 426 2278 ς
447 2239 509 2271 348
538 2239 643 2271 annot
663 2238 698 2277 2)
724 2239 760 2270 et
779 2236 957 2279 Zumptius
977 2237 1106 2277 (Gram.
1124 2236 1198 2270 Lat.
1219 2237 1281 2270 449
1301 2239 1416 2270 annot.
1437 2238 1457 2269 2

160 2290 269 2379 exn-2)
290 2339 382 2373 Cous.
413 2349 488 2381 quae
518 2338 560 2372 de
590 2338 653 2371 hae
684 2348 722 2370 re
754 2337 903 2379 disputat
933 2337 1147 2371 Heindorfius
1178 2338 1220 2371 ad
1252 2339 1339 2372 Plat.
1366 2338 1457 2371 Ρτοι.

158 2399 235 2433 pag.
255 2390 327 2423 343.
