1626 2879
791 268 842 306 12

161 370 364 422 EJusmodi
401 372 533 411 autem
570 368 842 420 interrogatio,
877 380 997 420 quam
1024 369 1195 410 diximus
1220 370 1469 421 rhetoricam,

159 432 200 473 h.
225 432 252 471 1.
277 433 379 472 inest
403 431 446 470 in
470 429 590 470 verbo
616 430 684 470 illo
708 428 901 469 miraris?
938 429 965 469 i.
993 441 1026 469 e.
1055 441 1134 469 non
1159 433 1231 479 est,
1263 432 1370 482 quod
1395 431 1470 472 mi-

159 494 269 534 reris.
321 492 452 540 Quare
477 491 511 532 si
535 492 791 543 posteriorem
822 490 940 542 hujus
964 490 1041 531 loci
1066 490 1277 532 Horatiani
1302 493 1470 534 interro-

160 555 357 606 gationem
368 553 648 605 improbaveris
668 552 773 603 (quis
786 555 920 592 autem
946 564 1024 592 non
1048 551 1345 603 improbabam,
1360 553 1468 594 affir-

159 614 305 655 manda
329 614 402 655 tibi
428 616 542 654 erunt
567 624 625 662 ea,
653 624 740 664 quae
765 613 982 665 posteriore
1007 612 1269 661 eontinentur,
1295 612 1323 653 i.
1349 614 1470 666 exmi-

158 677 268 717 raris
292 674 555 716 confitendum
581 676 658 715 erit
682 675 788 715 idem
814 687 898 715 esse
922 679 1060 727 atque:
1088 678 1150 715 est
1174 675 1280 727 quod
1304 675 1471 716 mireris.

163 737 365 789 Ejusmodi
390 741 526 778 autem
549 737 666 790 hujus
689 737 769 778 loci
793 736 1160 789 interpretationem
1186 748 1271 777 esse
1298 741 1339 777 et
1364 736 1470 778 deri-

160 799 330 841 dendam
356 804 397 841 et
421 799 646 850 absurdam,
674 812 788 841 nemo
815 812 895 840 non
920 799 1039 840 videt.

264 861 413 908 Quibus
452 860 638 912 expositis
676 861 720 906 si,
759 864 805 901 ut
835 860 1023 910 videmur,
1050 860 1289 911 scripturam
1314 859 1389 910 (an
1414 860 1471 912 si)

162 921 360 974 Bentleyo,
388 921 547 972 Orellio‚
575 921 664 963 aliis
689 921 912 974 probatam,
951 920 1203 974 rejiciendam
1228 932 1318 966 esse
1339 924 1470 964 osten-

161 984 299 1032 dimus,
334 984 418 1035 jam
457 983 568 1024 nobis
607 983 883 1035 inquirendum
914 986 986 1033 est,
1013 995 1110 1024 num
1135 983 1294 1023 meliore
1320 982 1472 1023 nitatur

162 1044 399 1085 auctoritate
424 1048 465 1084 et
489 1045 732 1096 argumentis
758 1044 858 1085 illud

730 1160 772 1206 2)
799 1159 839 1198 At
864 1160 907 1197 si.

267 1228 358 1268 Jam
383 1233 430 1269 ut
454 1229 575 1269 verba
598 1228 669 1268 illa
693 1228 805 1268 nullo
833 1228 966 1268 labore
990 1227 1044 1268 ad
1068 1228 1275 1269 relativum
1309 1227 1470 1268 enunci-

164 1293 275 1330 atum
300 1302 398 1341 quos
424 1291 496 1330 tibi
522 1290 593 1330 dat
617 1289 821 1330 referenda
846 1302 931 1330 esse
957 1289 1066 1330 nullo
1092 1293 1325 1341 argumento
1352 1301 1474 1341 supra

169 1351 382 1401 posuimus,
423 1352 478 1391 sie
516 1351 555 1391 h.
594 1351 622 1390 1.
654 1351 695 1390 in
728 1351 924 1401 scriptura
947 1351 1017 1391 illa
1041 1350 1101 1390 At
1126 1352 1164 1391 si
1189 1349 1474 1391 consideranda

165 1412 373 1453 videndum
398 1416 469 1461 est,
495 1413 694 1464 possintne
720 1412 856 1453 eadem
881 1412 952 1453 illa
976 1411 1170 1453 vocabula
1187 1411 1371 1464 conjungi
1383 1424 1472 1452 cum

166 1475 330 1514 retinere
367 1473 473 1522 velis,
512 1474 554 1514 id
592 1474 697 1525 quod
735 1473 822 1513 fieri
855 1476 1037 1525 oportere
1063 1474 1326 1514 contendebat
1351 1473 1396 1513 F.
1423 1472 1471 1513 A.

168 1534 343 1574 Wolfius.
395 1534 509 1581 Quod
534 1535 568 1574 si
593 1535 680 1574 fieri
705 1539 838 1586 posset
867 1535 927 1574 vel
951 1534 1083 1585 potius
1109 1535 1281 1584 deberet,
1315 1535 1473 1575 enunci-

163 1598 273 1635 atum
298 1595 397 1635 illud
428 1595 486 1634 At
511 1597 547 1634 si
572 1599 757 1646 coquatos
782 1596 893 1635 nullo
922 1596 1055 1635 labore
1085 1597 1254 1637 retinere
1269 1595 1367 1636 velis
1392 1606 1473 1635 non

164 1661 269 1696 esset
294 1656 368 1696 nisi
395 1656 602 1696 affirmatio
629 1659 670 1695 et
695 1656 778 1695 haec
805 1657 885 1696 fere
912 1656 1118 1697 exsisteret
1150 1656 1363 1697 sententia:
1397 1654 1473 1695 Mi-

165 1718 266 1758 raris
304 1718 337 1757 si
375 1718 460 1767 tibi,
501 1717 645 1758 divitiis
671 1717 804 1758 omnia
838 1718 1086 1770 postponenti
1122 1731 1170 1759 ae
1198 1731 1248 1758 ne
1274 1717 1473 1760 minimam

166 1779 322 1830 quidem
347 1780 399 1819 ad
424 1779 599 1820 homines
617 1779 879 1819 conciliandos
899 1780 1074 1831 pecuniae
1088 1780 1288 1831 jacturam
1304 1778 1475 1827 facienti,

166 1852 350 1890 amorem,
378 1854 501 1892 quem.
520 1854 599 1881 non
625 1842 820 1889 merearis,
848 1853 961 1881 nemo
987 1842 1174 1893 praestet‘?
1229 1841 1283 1881 At
1308 1841 1384 1881 hoe
1400 1840 1475 1881 tibi

168 1903 325 1942 minime
350 1902 586 1942 mirandum:
614 1916 705 1942 nam
732 1902 765 1942 si
792 1907 992 1954 cognatos,
1010 1915 1109 1954 quos
1126 1905 1270 1943 natura
1286 1902 1358 1943 tibi
1375 1902 1474 1942 ami-

167 1976 233 2004 eos
259 1964 339 2012 dat,
368 1963 450 2003 sine
475 1963 556 2003 ullo
585 1967 653 2003 tuo
678 1963 820 2003 labore
846 1964 1016 2004 retinere
1041 1964 1137 2003 velis
1162 1963 1319 2012 amicos,
1340 1962 1476 2002 infelix

174 2036 333 2076 operam
359 2025 512 2076 perdas,
540 2025 566 2064 i.
592 2036 625 2063 e.
653 2037 812 2076 operam
837 2024 920 2065 sine
945 2024 1065 2066 dubio
1089 2025 1241 2077 perdes.
1274 2022 1477 2076 Ejusmodi

169 2085 261 2123 huic
298 2085 385 2125 loco
424 2085 581 2125 subesse
619 2085 852 2126 sententiam
891 2086 1073 2137 opinatus
1104 2088 1176 2135 est,
1203 2089 1250 2125 ut
1270 2085 1354 2135 jam
1379 2084 1473 2134 dixi,

170 2145 440 2193 sagacissimus
464 2145 528 2184 ille
555 2145 612 2183 vir
638 2144 682 2183 F.
709 2145 756 2184 A.
783 2144 954 2184 Wolfius
986 2156 1151 2195 eamque
1182 2144 1474 2195 interpretatio-

171 2214 265 2243 nem
301 2204 361 2244 his
400 2205 493 2244 locis
532 2204 756 2245 Horatianis
788 2205 985 2246 firmatam
1012 2204 1143 2246 duxit:
1171 2203 1252 2245 Sat.
1280 2206 1311 2255 I,
1340 2207 1377 2254 5,
1405 2206 1474 2244 ''I-2:

181 2264 319 2305 ”Poene
343 2278 507 2313 macros,
534 2266 642 2315 arsit,
670 2267 764 2306 dum
790 2267 928 2307 turdos
954 2271 1086 2307 versat
1110 2268 1152 2306 in
1177 2267 1289 2318 igni.”
1315 2265 1398 2305 Sat.
1424 2265 1475 2314 11,

177 2330 212 2374 1,
240 2328 310 2365 60:
339 2326 538 2377 ”Quisquis
563 2327 639 2368 erit
654 2327 755 2377 vitae,
784 2328 964 2376 scribam,
992 2328 1116 2369 color“
1132 2357 1298 2368 .......
1326 2325 1474 2373 Quibus

174 2388 268 2427 locis
301 2387 420 2428 etiam
447 2388 540 2427 addi
566 2392 694 2438 potest
721 2389 801 2429 Sat.
828 2389 879 2439 11,
908 2392 944 2438 3,
972 2392 1065 2430 211:
