1626 2879
787 264 837 301 10

265 366 320 407 V.
335 368 411 406 86.
438 363 610 404 miraris
634 385 684 393 —
712 363 766 414 si)
793 362 968 402 Verbum
983 362 1095 412 illud,
1113 363 1221 414 quod
1238 365 1300 405 est
1314 366 1468 414 mimo-i,

162 427 269 480 apud
308 416 515 466 Horatium
554 419 731 475 aliosqne
767 425 905 475 poetas
943 423 1052 463 haud
1089 425 1148 464 ita
1172 436 1266 465 raro
1290 426 1469 477 sequitur

163 483 359 540 particula
385 488 432 535 si,
460 486 742 535 interrogativa
768 489 898 524 utens
906 484 1208 535 significatione,
1234 485 1262 525 i
1288 497 1332 525 e.·
1348 487 1405 528 ibi
1429 488 1468 528 ei

162 548 374 595 adhibitur‚
402 546 469 587 ubi
494 546 599 598 quod
624 549 711 585 erat
742 545 1013 596 usurpandum
1051 545 1170 596 idque
1207 545 1344 586 eodem
1384 546 1466 588 fere

163 610 290 658 modo,
318 621 395 659 quo
420 608 526 658 apud
558 607 714 646 Graecos
754 606 900 645 dicitur
941 604 1132 655 θαυμάζω
1159 604 1204 645 εἰ,
1220 619 1293 657 pro
1321 609 1375 645 θ..
1390 606 1466 648 ὅτι.

162 669 221 709 Ι)8
258 681 337 721 qua
373 680 417 708 re
455 667 554 718 vide,
588 669 621 707 si
653 667 795 719 placet,
834 666 884 707 G.
924 665 968 707 T.
1009 668 1057 706 A.
1096 666 1291 719 Kruegeri
1315 667 1466 708 Gram.

160 731 249 771 Lat.
276 738 294 777 5
320 733 398 771 604
423 733 557 771 annot.
584 734 683 770 extr.
710 729 753 769 C.
781 728 829 769 G.
856 729 1028 781 Zumptii
1054 728 1188 770 Gram.
1214 730 1304 770 Lat.
1331 736 1350 776 5
1377 731 1467 771 354.

159 792 272 834 Conf-
298 792 527 833 Buttmanui
553 791 686 832 Gram.
720 791 845 832 Graec.
873 797 891 838 5
918 792 1006 831 139.
1033 789 1081 831 G.
1108 793 1244 832 annot.
1261 789 1308 830 ’3.
1336 790 1380 832 O.
1407 790 1469 831 W.

162 854 354 903 Kruegeri
380 846 511 892 Grani.
539 853 664 892 Graee.
690 853 711 891 I
735 859 755 897 5
781 855 843 900 65,
884 856 920 900 5,
948 856 1083 891 annot.
1111 854 1146 890 7.
1200 851 1317 902 Apud
1343 864 1470 902 prosae

160 914 350 956 'orationis
374 915 585 966 scriptores
611 913 802 966 ejusmodi
818 915 856 954 εἰ
880 912 1085 966 partiendae
1111 926 1205 954 usus
1231 912 1357 953 multe
1371 913 1469 954 arti-

164 977 296 1017 oribus
322 976 656 1015 circumscribitur
681 976 835 1015 finibus.

266 1038 390 1078 Vetus
415 1037 519 1077 inter
544 1036 700 1077 Horatii
725 1038 960 1088 interpretes
986 1039 1048 1076 est
1072 1036 1339 1077 controversia
1363 1039 1405 1079 et
1421 1047 1470 1075 ne

163 1111 267 1138 nunc
292 1098 449 1149 quidem
475 1098 568 1137 satis
596 1097 822 1148 composita,
862 1098 1059 1148 quomodo
1085 1096 1146 1137 vel
1171 1097 1367 1138 scribendi
1392 1097 1471 1136 sint

163 1160 224 1199 vel
248 1159 491 1209 intelligendi
509 1172 642 1198 versus
668 1153 854 1200 86—90.'
888 1158 1079 1209 Equidem
1104 1160 1162 1198 ita
1188 1159 1317 1198 scribo
1343 1162 1384 1198 et
1408 1158 1467 1197 in-

163 1223 375 1271 terpungo:

268 1301 435 1349 Miraris,
464 1313 583 1351 quum
609 1305 654 1341 tu
679 1305 842 1351 argento
870 1305 961 1353 post
987 1301 1118 1342 omnia
1143 1313 1279 1352 ponas,

269 1361 310 1400 Si
336 1373 449 1400 nemo
474 1363 646 1413 praestet,
674 1374 789 1413 quem
815 1375 892 1402 non
917 1362 1115 1412 merearis,
1142 1362 1339 1402 amorem?

268 1423 322 1462 At
347 1423 379 1461 si
406 1428 603 1472 cognatos,
632 1423 738 1462 nullo
765 1427 907 1463 natura
932 1423 1067 1462 labore

268 1484 373 1531 Quos
400 1483 471 1523 tibi
497 1483 577 1531 dat,
604 1484 771 1523 retinere
797 1484 891 1523 velis
918 1495 1150 1535 servareque
1175 1484 1333 1533 amicos,
1395 1489 1397 1491 ’

268 1544 409 1585 Infelix
435 1556 594 1594 operam
620 1544 772 1595 perdas,
800 1549 846 1583 ut
872 1545 905 1583 si
932 1545 1018 1595 quis
1045 1545 1208 1585 asellum

269 1605 317 1644 In
343 1616 480 1655 campo
508 1605 646 1645 doceat
670 1609 872 1655 parentem
900 1609 1068 1645 currere¹
1083 1605 1213 1645 frenis.

167 1696 229 1735 Ad
267 1697 338 1735 hos
368 1708 503 1735 versus
534 1699 640 1735 recte
674 1697 926 1747 explicandos
951 1702 1043 1737 anto
1069 1698 1202 1737 omnia
1226 1709 1385 1737 necesse
1409 1702 1470 1738 est

165 1757 384 1806 decernere,
422 1757 615 1808 quomodo
655 1771 690 1797 v.
731 1759 793 1798 88v
819 1758 990 1809 incipere
1014 1758 1214 1809 putandus
1246 1759 1315 1810 sit.
1339 1797 1341 1799 .
1368 1759 1470 1801 Nam

165 1820 268 1858 inter
294 1822 462 1869 quatuor
500 1820 713 1869 scripturas
738 1820 777 1858 h.
804 1820 831 1859 l.
857 1818 1053 1860 fluctuant
1078 1825 1119 1860 et
1145 1821 1298 1860 codices
1322 1825 1364 1860 et
1387 1821 1470 1861 edi-

167 1885 291 1919 tores:
332 1893 387 1919 an
424 1881 472 1928 si,
511 1893 564 1919 an
605 1882 674 1928 sic,
712 1893 760 1920 ac
797 1881 846 1930 si,
876 1884 932 1930 gat
969 1882 1024 1929 εὴ
1062 1894 1229 1932 quarum
1267 1881 1367 1921 duas
1407 1894 1469 1922 sa-

167 1942 217 1980 tis
258 1942 334 1980 erit
373 1941 541 1980 breviter
580 1942 858 1982 examinandas
897 1943 1128 1993 suscepisse:
1169 1943 1340 1993 reliquas
1366 1945 1469 1983 enim

167 2001 277 2050 duas,
304 2014 390 2051 quae
432 2006 524 2041 sunt
562 2015 616 2041 an
655 2003 712 2042 sic
746 2007 785 2042 et
810 2015 858 2043 ac
884 2004 931 2053 si,
972 2004 1036 2043 vix
1062 2003 1270 2055 quisquam
1291 2004 1376 2056 jam
1402 2004 1469 2045 de-

166 2062 310 2102 fendet.

726 2179 767 2223 1)
794 2179 840 2215 An
865 2180 908 2216 si.

271 2244 534 2284 Grammatico.
560 2246 716 2295 quidem
741 2247 844 2287 ratio
874 2259 949 2285 non
966 2247 1139 2298 impedit,
1159 2248 1365 2298 quominus
1383 2259 1467 2286 ver-

169 2317 236 2344 sus
250 2306 312 2353 88,
327 2305 377 2343 ab
391 2318 444 2344 an
464 2307 500 2344 si
519 2306 717 2357 incipiens,
732 2321 819 2347 cum
844 2308 1090 2349 antecedenti
1114 2309 1180 2349 illo
1207 2308 1337 2355 verbo,
1364 2308 1468 2358 quod

171 2369 230 2405 est
256 2366 426 2411 miraris,
454 2367 722 2417 conjungatur,
750 2372 796 2408 ut
820 2369 964 2420 duplex
991 2370 1155 2410 exsistat
1182 2370 1454 2418 interrogatio:
