1626 2879
826 275 850 309 4

176 381 260 428 95):
303 378 449 419 ”Satira
486 374 644 426 quidem
683 376 770 414 tota
809 374 947 412 nostra
972 375 1044 420 est,
1071 372 1112 410 in
1137 384 1218 421 qua
1234 373 1398 420 primus
1421 373 1483 411 in-

175 440 323 488 signem
361 436 517 476 laudem
556 435 723 484 adeptus
761 432 935 471 Lucilius
969 459 1134 469 .....
1160 430 1346 470 Alterum
1383 431 1483 471 illud

174 499 292 540 etiam
310 498 432 549 prius
457 495 588 537 satirae
616 506 748 546 genus,
774 493 843 533 sed
862 505 942 533 non
962 492 1050 534 sola
1063 491 1278 533 carminum
1290 493 1484 534 varietate

176 561 353 607 mixtum,
381 557 556 598 condidit
581 556 785 595 Terentius
813 555 952 601 Varro,
980 555 1037 593 vir
1063 554 1329 592 Romanorum
1350 554 1482 593 erudi-

176 620 378 661 tissimus”.
432 618 525 666 Quae
552 616 682 657 omnia
709 616 742 655 si
768 615 993 666 diligentius
1019 613 1405 664 consideraverimus,
1426 613 1486 656 fa-

176 682 249 722 cile
274 679 490 732 apparebit,
520 678 688 718 Ennium
712 677 936 717 vetustioris
961 677 1069 716 illius
1095 676 1227 716 satirae
1265 676 1382 716 fuisse
1415 690 1487 717 au-

177 745 336 789 ctorem,
363 739 590 780 recentioris
616 738 820 786 Lucilium,
861 751 977 789 quem
1016 737 1206 777 Horatius
1232 736 1333 784 (Sat.
1358 737 1392 786 1,
1420 740 1481 786 10,

180 805 246 850 58)
285 804 519 841 inventorem
556 800 705 850 apellat
743 800 849 838 illius
889 799 1106 838 carminum
1146 797 1312 848 generis,
1340 798 1381 837 in
1408 810 1487 849 quo

178 865 263 914 ipse
287 864 507 901 versaretur
524 863 571 907 ⁸).

280 922 374 962 Haec
400 925 532 961 autem
558 920 591 960 si
618 924 678 960 est
703 920 818 972 hujus
843 919 1021 960 vocabuli
1047 919 1264 960 deducendi
1277 920 1392 969 ratio,
1407 917 1488 960 for-

178 984 282 1025 sitan
320 982 513 1033 quispiam
534 981 624 1032 jure
650 993 823 1032 quaerere
849 981 924 1021 sibi
950 981 1141 1029 videatur,
1169 981 1264 1032 quid
1290 980 1353 1029 sit,
1381 981 1488 1032 quod
1526 1008 1529 1011 »

179 1046 309 1085 satira
335 1034 540 1090 scribatur,
568 1055 647 1081 non
673 1046 826 1082 satura.
861 1041 933 1082 Cui
946 1043 1102 1093 quidem
1116 1042 1335 1093 quaestioni‚
1350 1054 1489 1094 quam·

178 1118 296 1156 quam
322 1117 392 1155 per
418 1116 459 1143 se
485 1116 563 1143 non
590 1107 650 1143 est
676 1104 972 1151 contemnenda,
1012 1104 1128 1143 facile
1153 1108 1214 1143 est
1238 1103 1488 1154 respondere.

180 1164 399 1216 Saepissime
437 1165 541 1204 enim
573 1164 747 1203 videmus
771 1164 877 1215 apud
904 1163 1073 1215 optimos
1099 1170 1253 1215 quoque
1278 1163 1491 1204 latinitatis

181 1227 391 1276 scriptores
421 1225 567 1264 formas
593 1228 775 1274 optumus
809 1229 848 1264 et
881 1226 1062 1274 optimus,
1089 1229 1250 1264 aestumo
1272 1229 1313 1264 et
1339 1226 1489 1269 ‚cestimo

182 1289 257 1325 cet.
283 1285 451 1325 alteram
476 1285 602 1324 altera
628 1286 857 1325 commutari
870 1285 989 1332 (conf.
1003 1285 1173 1325 Casaub.
1198 1285 1223 1324 1.
1244 1285 1269 1327 1.
1289 1298 1368 1336 pag
1382 1287 1489 1336 318),

182 1345 318 1396 Neque
331 1345 457 1395 magis
475 1345 707 1394 mirandum,
723 1357 863 1384 nomen
883 1346 1005 1385 subst.
1032 1350 1250 1385 concretum
1276 1347 1425 1396 (satira
1438 1364 1490 1381 =

189 1407 285 1445 lauat
303 1406 458 1457 plena),
484 1409 530 1444 ut
555 1405 667 1455 ajunt
693 1407 949 1455 grammatici,
976 1405 1124 1445 factum
1139 1417 1222 1445 esse
1236 1407 1491 1455 abstractum,

183 1466 225 1506 id
251 1466 355 1517 quod
382 1469 423 1506 et
449 1466 642 1507 veteribus
667 1466 708 1506 in
735 1465 879 1518 linguis
905 1478 1006 1518 saepe
1038 1465 1123 1507 fieri
1162 1466 1337 1508 videmus
1362 1471 1403 1509 et
1427 1480 1490 1509 re-

185 1526 436 1567 centioribus.

705 1692 846 1738 Satira
877 1692 910 1749 l,
944 1693 969 1735 1.

287 1780 467 1820 Editores
506 1783 547 1820 et
584 1781 828 1832 interpretes,
861 1782 902 1821 in
928 1782 1070 1832 quibus
1096 1782 1274 1828 Orellius,
1301 1783 1489 1832 Ritterus,

186 1840 519 1891 Dillenburgerus,
547 1841 627 1889 alii,
655 1841 759 1893 quod
784 1842 993 1882 Horatium
1024 1843 1234 1894 opinantur
1264 1843 1341 1885 hac
1368 1845 1492 1885 satira

186 1901 282 1941 nihil
321 1902 429 1942 aliud
468 1903 593 1953 egisse
626 1903 701 1943 nisi
740 1908 784 1944 ut
816 1904 1005 1955 ejusmodi
1037 1904 1212 1945 homines
1239 1905 1489 1957 vituperaret,

185 1963 252 2012 qui
278 1975 350 2002 sua
376 1967 479 2002 sorte
505 1976 715 2015 numquam
743 1968 873 2004 essent
898 1965 1081 2015 contenti,
1109 1965 1197 2006 aliis
1223 1979 1375 2019 semper
1394 1968 1491 2007 invi·

187 2024 333 2072 demut,
361 2025 573 2065 cavendum
600 2026 791 2077 existimo,
819 2039 867 2066 ne
892 2027 940 2068 iis
965 2031 1112 2068 temere
1137 2029 1411 2070 assentiamur.
1438 2029 1491 2069 Hi

188 2084 288 2122 enim
300 2096 431 2134 quum,
457 2089 503 2124 ut
527 2086 642 2126 modo
669 2087 761 2133 dixi,
787 2087 829 2127 id
855 2101 977 2127 unum
990 2092 1170 2128 secutum
1184 2102 1268 2130 esse
1281 2090 1491 2131 Horatium

188 2143 330 2194 dicant,
358 2150 403 2185 ut
427 2146 612 2187 invidiam
627 2152 666 2188 et
690 2146 983 2202 μεμψιμοιρίαν
996 2150 1238 2202 perstringat
1251 2163 1397 2200 eorum,
1411 2152 1491 2203 qui,

190 2217 262 2243 sua
286 2210 390 2245 sorte
414 2220 492 2246 non
518 2210 701 2256 contenti,
741 2210 879 2248 alienae
912 2222 1063 2261 semper
1087 2212 1298 2260 invideant,
1326 2224 1403 2251 non
1428 2216 1490 2251 to-

186 2266 284 2313 tam,
312 2267 357 2303 ut
379 2265 438 2305 ita
463 2266 599 2317 dicam,
627 2268 807 2311 viderunt
834 2271 1047 2313 veritatem.
1100 2273 1185 2314 Hoc
1211 2274 1314 2315 enim
1339 2273 1488 2325 vitium,

275 2386 305 2422 ²)
325 2384 416 2417 cons.
437 2385 599 2426 Lysandri
620 2388 705 2420 Hist.
727 2389 807 2421 Litt.
828 2391 924 2424 Rom.
945 2401 1043 2434 pagg.
1065 2393 1127 2425 256
1148 2401 1197 2433 sq.
