1626 2879
802 291 827 329 6

152 397 306 439 Stoicos
344 392 493 445 tangit3
541 403 631 432 cum
662 400 750 430 sors
775 387 1002 440 Epicureos.
1050 386 1188 436 Stoici'
1202 386 1306 427 enim
1332 385 1469 427 dicunt

158 457 288 498 onmia
312 455 465 494 ratione
489 452 587 500 fieri,
613 449 798 502 Epicurei
822 448 1019 489 fortuito'h

269 514 315 557 V.
341 517 371 555 3
398 537 445 543 —-
475 513 628 565 laudet)
655 507 810 560 ὂλβίζει,
838 505 1058 559 μακαρίζει,
1075 510 1123 547 ιιι
1138 520 1174 546 v.
1193 508 1218 547 9
1236 507 1328 546 Acr.
1346 506 1466 547 schol.

155 577 333 617 ”beatum
371 573 573 626 appellaff.
627 571 700 611 Est
739 574 884 617 autem,
925 572 972 608 ut
1004 567 1120 608 facile
1145 566 1392 619 intelligitur,
1410 570 1468 607 'ex

157 636 226 678 illo
253 648 362 676 nmo
389 630 633 675 substantivo
659 629 958 681 intelligendum
977 628 1246 680 unusquisque
1269 626 1331 667 vel
1356 628 1466 679 quie-

158 710 243 748 que,
281 696 387 746 quod
413 693 576 745 subjecti
601 693 687 733 loco
714 692 766 732 acl
794 691 928 731 laudet
953 689 1092 729 referri
1117 688 1245 728 debet.
1299 686 1358 727 De
1385 698 1464 738 quo

155 756 387 797 Latinorum
423 754 609 806 loquendi
647 765 722 793 usu
758 751 860 792 conf.
886 751 935 791 G.
962 751 1007 790 T.
1035 750 1082 789 A.
1108 749 1303 800 Kruegeri
1329 747 1465 788 Gram.

155 818 244 858 Lat.
283 823 302 863 ς
342 818 519 864 660,1).
572 813 809 854 Rudimanni
833 812 1002 852 institut.
1030 811 1164 851 Gram.
1190 809 1250 850 11
1246 822 1349 860 pag.
1376 811 1464 850 361.

154 876 284 918 Madv.
311 874 443 916 Gram.
471 875 559 915 Lat.
588 881 606 921 5
632 876 708 914 462
737 874 779 920 b)
794 871 908 924 Seyff.
935 871 987 912 ad
1014 870 1109 911 Lael.
1135 881 1227 922 pag.
1256 871 1330 909 3⁷1
1346 882 1405 921 sq.
1416 872 1463 917 ⁷).

270 937 312 978 V.
353 940 380 976 4
419 960 467 966 —
506 937 642 986 yravis
674 935 810 985 annis)
836 934 900 973 Ita
927 933 1078 972 codices
1104 932 1157 972 ad
1182 944 1305 971 unum
1330 939 1466 971 omnes

155 1002 196 1038 et
221 998 322 1038 Acro
355 996 579 1037 scholiasta.
634 996 747 1036 Hanc
786 995 964 1035 codicum
1003 994 1238 1045 scripturam
1270 994 1314 1032 οι
1331 993 1466 1043 ¹inepte

153 1062 195 1099 et
218 1059 411 1099 inutiliter
422 1059 464 1097 in
488 1059 633 1107 ”gravis
651 1057 788 1096 armis?
805 1056 955 1107 primus
973 1055 1228 1095 commutavit
1241 1054 1463 1095 Bouherius

154 1132 317 1170 eamque
344 1119 608 1171 conjecturam
633 1117 783 1157 frustra
809 1117 1067 1157 defenderunt
1093 1114 1270 1166 wolfius,
1298 1115 1464 1166 Reisigi-

155 1194 215 1231 us,
243 1178 453 1230 Obbariu's,
481 1180 659 1229 Weisius,
694 1179 775 1220 alii.
828 1179 1112 1229 Intelligendus
1139 1178 1242 1218 enim
1268 1182 1327 1217 est
1352 1177 1464 1219 miles

154 1245 374 1289 veteranus,
402 1242 480 1292 qui,
507 1241 721 1281 identidem
737 1240 966 1280 mercatoris
990 1239 1159 1279 fortunae
1184 1239 1372 1286 invidens,
1392 1240 1466 1287 etsi

156 1302 379 1341 missionem
404 1303 582 1352 accipere
607 1305 763 1352 poterat
788 1301 1004 1352 militiaque
1020 1300 1192 1350 liberari,
1212 1303 1358 1350 tamen,
1377 1313 1463 1351 spe-

157 1374 251 1401 rans
276 1360 371 1409 fore,
399 1365 445 1401 ut
469 1362 680 1412 aliquando
707 1365 748 1401 et
772 1362 855 1412 ipse
880 1374 977 1411 agro
1004 1360 1183 1410 donetur,
1210 1373 1334 1411 usque
1360 1361 1463 1400 mili-

157 1425 228 1462 tet.
265 1422 313 1461 Ei
341 1425 473 1462 autem
500 1422 627 1471 militi,
656 1423 799 1473 quippe
825 1422 892 1471 qui
919 1425 981 1461 tot
1006 1434 1077 1471 per
1102 1434 1225 1461 annos
1250 1422 1370 1462 armis
1394 1434 1462 1476 ge-

156 1482 287 1523 rendis
312 1482 537 1531 assueverit,
565 1494 683 1533 quam
709 1496 788 1522 non
816 1482 1048 1522 conveniant
1057 1483 1199 1532 qravia
1211 1494 1332 1529 arma,
1348 1496 1462 1534 aper-

155 1545 240 1582 tum
279 1546 350 1582 est.
403 1542 565 1582 Accedit
602 1542 797 1592 particula
813 1543 904 1591 jam
930 1542 1114 1581 Bouherii
1141 1542 1375 1593 conjectusae
1399 1556 1462 1584 re-

155 1615 346 1654 pugnans,
373 1607 414 1643 et
439 1604 548 1643 locus
572 1603 640 1643 ille
667 1603 746 1644 Cic.
773 1603 887 1644 Fuso.
914 1603 966 1653 II,
999 1605 1057 1649 16,
1085 1605 1146 1653 37,
1175 1615 1224 1643 ex
1249 1616 1326 1655 quo
1345 1604 1460 1645 disci-

153 1678 251 1714 mus,
279 1677 390 1705 arma
416 1665 601 1704 Romanis
627 1665 814 1705 militibus
831 1678 910 1705 non
929 1666 1013 1705 visa
1031 1677 1114 1706 esse
1132 1667 1324 1715 graviora,
1343 1679 1462 1717 quam

154 1725 325 1776 corporis
364 1725 549 1766 membra.
603 1726 665 1765 Ex
702 1726 763 1766 his
802 1726 968 1778 aliisque
1000 1726 1221 1767 rationibus
1246 1725 1371 1776 facile,
1400 1739 1462 1768 me

152 1786 311 1835 quidem
331 1786 472 1835 judice,
498 1791 673 1836 apparet,
702 1787 922 1833 Horatium,
948 1791 1105 1837 poetam
1129 1787 1241 1827 illum
1267 1801 1357 1828 vere
1382 1788 1460 1829 Ro-

153 1858 323 1895 manum,
351 1846 417 1886 vix
442 1846 594 1897 ”yravis
619 1847 762 1888 armiffl
789 1846 958 1888 scribere
983 1847 1170 1899 potuisse.

268 1907 310 1947 V.
338 1911 391 1946 14
422 1931 466 1936 —
493 1909 643 1958 valent)
672 1909 812 1956 Verba,
842 1922 928 1959 quae
955 1909 1124 1961 alicujus
1148 1909 1207 1950 rei
1232 1909 1460 1954 facultatem

152 1967 384 2018 exprimunt,
413 1973 536 2020 poetae
563 1981 652 2008 cum
678 1969 868 2010 infinitivo
896 1970 1150 2021 conjungunt,
1178 1974 1223 2010 ut
1239 1969 1314 2010 hoc
1331 1971 1459 2022 ipsum

152 2027 311 2068 verbum
350 2028 445 2068 Hor.
486 2030 568 2069 Sat.
595 2030 626 2077 I,
656 2033 691 2076 9,
720 2032 781 2071 39.
808 2031 859 2079 ΙΙ,
890 2033 924 2080 7,
954 2033 1015 2071 87.
1043 2032 1117 2070 Od.
1145 2032 1175 2078 Ι,
1206 2033 1267 2079 34,
1296 2033 1356 2072 12.
1384 2032 1458 2083 Ep.

154 2086 205 2137 11,
223 2090 255 2138 l,
271 2090 358 2128 200.
385 2088 510 2140 Epod.
525 2091 559 2139 5,
576 2092 638 2131 87.
665 2091 821 2131 Lucret.
843 2090 874 2141 Ι,
894 2093 978 2131 109.
997 2089 1109 2132 Conf.
1123 2091 1182 2132 Id.
1197 2091 1228 2140 Ι,
1245 2093 1332 2132 356.
1351 2091 1410 2133 Id.
1424 2092 1456 2141 Ι,

238 2192 267 2228 Ι’)
288 2191 379 2223 Cous.
400 2191 465 2223 Cio.
486 2191 558 2223 Fin.
581 2193 605 2233 Ι,
626 2194 675 2224 18.
718 2194 817 2226 Tusc.
839 2194 880 2233 V,
901 2195 951 2225 40.
973 2194 1054 2226 Hor.
1075 2194 1182 2235 Epod.
1205 2196 1233 2235 5,
1254 2195 1304 2235 87,
1325 2194 1415 2227 alibi.

238 2241 268 2278 ⁸)
288 2241 381 2273 Cous.
401 2242 597 2275 Franciscus
620 2244 784 2285 Josephus
805 2244 940 2277 Hester:
961 2244 1181 2279 Deinfinitiv‘i
1192 2247 1314 2279 natura
1324 2247 1359 2279 et
1368 2247 1457 2288 apud

155 2288 332 2321 Horatium
353 2300 424 2322 usu.
464 2292 659 2324 Monasterii
679 2295 916 2327 MDCCCVIII.
937 2296 1016 2336 Pag.
1040 2296 1089 2327 39.

238 2338 337 2380 Hugo
358 2339 523 2383 Merguet:
555 2342 603 2375 De
635 2343 705 2377 Usu
739 2344 929 2386 Syntactico
962 2344 1125 2380 Infinitivi
1156 2346 1278 2388 Latini,
1310 2345 1455 2380 Maxime

156 2390 300 2424 Poetico.
343 2391 533 2433 Regimonti
554 2394 814 2428 MDcchxnl.
857 2396 936 2440 Pag.
958 2398 1007 2429 29.
