1626 2879
798 312 856 351 ἰ13

280 411 400 463 '’Ajax
424 424 544 464 quum
569 412 783 454 immeritos
807 412 962 463 occidit,
988 412 1141 465 desipit,
1175 415 1329 466 agncs.'’
1380 414 1472 457 Istis

177 472 334 514 Horatii
372 473 468 515 locis
499 474 755 527 hyperbaton,
795 474 900 526 quod
939 474 1086 526 dicunt‚'
1112 476 1301 527 ejusmodi
1326 479 1400 525 est,
1426 482 1473 518 ut

173 532 217 572 id
241 534 401 574 verbum
425 533 591 582 finitum
617 535 723 586 quod
748 535 1057 577 enunciationem
1073 535 1214 577 efficiat
1230 536 1469 588 primariam,

174 594 415 637 secundariae
426 595 866 639 insertuminveniamus
891 596 1026 645 (verba
1050 597 1137 638 dico
1162 599 1276 647 arsit,
1288 600 1471 650 scribam,

174 652 346 709 desipit),
372 657 446 697 hoc
471 659 601 697 autem
627 657 714 698 loco
740 671 818 699 non
842 659 949 698 item.
1002 658 1043 698 Si
1081 660 1184 709 enim
1222 659 1322 699 illud
1358 661 1470 701 nullo

177 716 310 756 lahore
334 716 387 757 ad
413 718 723 757 enunciationem
747 719 972 770 primariam
1002 719 1192 769 retuleris,
1226 720 1466 761 enunciatio-

174 777 235 818 nis
260 778 497 820 secundariae
523 779 751 831 subjectum,
777 780 882 832 quod
907 785 967 821 est
990 784 1150 829 natura,
1174 781 1278 821 inter
1292 781 1468 823 membra

176 849 256 880 suae
280 841 401 892 ipsius
427 841 707 881 enunciationis
732 841 928 893 primariae
952 841 1222 893 interpositum
1247 854 1331 883 esse
1345 855 1468 894 appa·

173 900 287 943 rebit.
340 902 431 942 Alia
466 903 589 954 igitur
625 902 742 955 hujus
779 903 855 943 loci
892 905 953 943 est
989 907 1143 952 natura,
1177 916 1294 954 quam
1320 915 1465 954 eorum,

173 976 271 1014 quos
295 964 348 1004 ad
373 976 484 1004 suam
508 964 790 1016 interpretandi
814 965 1005 1004 rationem
1032 964 1313 1005 defendendam
1328 964 1467 1005 lauda-

174 1023 231 1064 vit
256 1023 432 1064 wolfius.
486 1025 597 1073 Quod
623 1025 657 1065 si
681 1026 741 1065 ita
765 1027 835 1074 est,
862 1024 1066 1065 violentius
1091 1038 1175 1065 esse
1192 1025 1347 1066 videtur
1363 1025 1465 1077 ejus·

175 1086 281 1125 modi
306 1086 548 1137 hyperbaton
573 1090 613 1127 et
637 1086 762 1137 magis
787 1086 996 1137 singulare,
1022 1099 1140 1137 quam
1166 1087 1271 1138 quod
1303 1086 1467 1127 Horatio

173 1146 385 1187 obtrudere
409 1147 547 1188 ausim.

277 1207 349 1248 His
386 1209 508 1259 igitur
545 1208 598 1249 ad
635 1208 738 1249 viam
773 1209 1055 1259 interpretandi
1080 1209 1193 1260 quasi
1218 1209 1467 1249 muniendam

173 1269 381 1320 praemissis
406 1269 458 1309 ad
484 1282 617 1309 veram
641 1269 717 1309 loci
742 1271 976 1309 sententiam
1006 1270 1158 1320 plenius
1197 1269 1467 1321 explicandam

173 1331 416 1382 progrediar.
444 1330 557 1379 Quod
582 1335 627 1370 ut
651 1331 784 1381 aliquo
809 1331 927 1371 modo
952 1330 1034 1380 fiat,
1060 1329 1188 1370 facere
1204 1344 1282 1370 non
1298 1344 1466 1400 possum,

174 1391 269 1442 quin
295 1402 383 1431 eum
409 1402 562 1443 quoque
573 1391 707 1443 paucis
731 1389 907 1432 refellere
924 1402 1049 1439 coner,
1073 1391 1150 1442 qui,
1169 1395 1358 1442 quantum
1374 1391 1466 1441 scio,

174 1456 221 1494 at
244 1453 482 1505 improbans,
510 1466 558 1493 ex
583 1453 863 1493 recentioribus
883 1453 1032 1504 primus
1055 1466 1109 1493 an
1126 1452 1406 1493 commendavit
1422 1455 1468 1500 ⁸).

176 1515 307 1566 Atque
330 1515 365 1554 is
391 1514 547 1565 quidem
572 1514 785 1556 rectissime
810 1514 942 1553 docuit
967 1513 1025 1561 (id
1050 1513 1217 1565 quod*
1180 1526 1252 1563 ego
1270 1514 1390 1553 etiam
1403 1526 1469 1554 su-

174 1589 249 1628 pra
274 1579 438 1616 conatus
475 1572 589 1623 sum),
630 1588 750 1625 quam
786 1575 916 1626 inepte
942 1575 1060 1615 verba
1082 1575 1192 1614 nullo
1220 1575 1352 1614 labore
1375 1587 1466 1615 con·

170 1637 427 1688 jungerentur
452 1649 541 1676 cum
565 1636 643 1676 illis
666 1637 833 1676 retinere
858 1636 952 1675 velis
976 1647 1204 1686 servareque
1220 1634 1467 1681 amicos;sed

175 1702 221 1739 at
245 1698 456 1746 damnavit,
483 1698 576 1749 quia
600 1697 684 1737 haec
709 1708 785 1736 non
810 1696 966 1737 videbat
990 1694 1106 1736 aliter
1130 1695 1315 1747 explicari
1341 1706 1466 1746 posse,

174 1761 249 1800 nisi
274 1764 320 1800 ut
344 1759 445 1800 serio
470 1753 533 1800 ab*
549 1758 712 1799 Horatio
739 1758 846 1798 dicta
870 1757 1147 1808 acciperentur,
1171 1769 1248 1807 quo
1264 1754 1369 1797 facto
1387 1768 1466 1796 non

176 1821 313 1871 solnm,
354 1824 400 1861 ut
436 1820 519 1872 ipse
556 1819 734 1871 putabat,
772 1818 910 1859 ultima
948 1821 994 1858 ut
1031 1818 1070 1858 si
1106 1818 1195 1869 quis
1233 1817 1399 1857 asellum
1423 1818 1467 1857 in

175 1895 310 1933 campo
349 1883 483 1923 doceat
512 1884 719 1931 parentem
758 1893 913 1920 currere
941 1879 1079 1930 frenis
1110 1878 1244 1929 inepta
1269 1882 1371 1927 sunt,
1399 1878 1468 1918 sed

175 1944 295 1984 etiam
319 1943 463 1994 priora.
484 1942 618 1992 Neque
644 1941 746 1981 enim
771 1940 845 1980 hoc
871 1941 1137 1980 demonstrare
1162 1939 1245 1978 vult
1270 1938 1466 1986 Horatius,

174 2016 275 2055 eum,
316 2004 383 2056 qui
421 2004 506 2044 sola
536 2002 702 2042 avaritia
726 2001 903 2051 ducatur,
931 2003 1186 2052 cognatorum
1210 2010 1379 2040 amorem
1403 2012 1467 2039 re-

175 2068 300 2107 tinere
325 2062 404 2105 non
426 2078 540 2117 posse
565 2064 680 2112 (satis
706 2065 808 2104 enim
832 2063 907 2103 hoc
932 2066 1138 2102 monuerat
1172 2061 1358 2112 proximis
1382 2073 1467 2100 ver-

175 2129 237 2169 bis
262 2126 542 2179 superioribus)
581 2125 648 2166 sed
686 2138 708 2165 e
747 2123 940 2164 contrario
971 2135 1142 2172 avarum,
1175 2123 1209 2162 si
1234 2121 1395 2173 paulum
1419 2121 1470 2161 de

176 2188 342 2230 avaritia
365 2188 543 2228 remittat
573 2192 641 2234 (=
666 2187 703 2227 sa·
726 2186 893 2227 retinere
929 2184 1055 2233 velis),
1093 2182 1275 2225 facillime
1298 2182 1374 2222 hoc
1405 2193 1468 2222 as·

260 2277 293 2332 'a'
314 2290 424 2333 Quint.
454 2289 612 2323 Horatius
643 2288 782 2321 Flaccus
813 2296 855 2320 ex
886 2286 1076 2319 recensione
1096 2286 1133 2319 et
1152 2294 1228 2318 cnm
1248 2284 1337 2318 notis
1366 2286 1466 2326 atque

178 2341 465 2377 emendationibus
486 2339 644 2375 Richatdi
664 2338 818 2380 Bentleji.
858 2336 1111 2371 Amstelaedami
1131 2336 1340 2370 MDccxm.
1369 2335 1471 2377 Pngg.

177 2387 309 2437 Sffl'sq.
350 2393 416 2429 Ubi
447 2392 507 2426 ille
536 2402 603 2426 non
633 2391 747 2433 inepte
767 2390 808 2424 de
828 2389 893 2423 hoc
913 2389 1004 2423 loco:
1038 2387 1249 2423 'salebrosas
1270 2396 1347 2421 sane
1367 2385 1470 2427 locus,

177 2444 268 2479 unde
287 2445 376 2480 haud
396 2444 492 2480 facile
512 2444 564 2478 est
582 2441 701 2486 pedem
721 2439 920 2475 inoffensum
940 2439 1094 2474 referre”.
