1626 2879
804 309 853 345 16

168 407 242 449 tibi
280 408 355 459 ipsi
392 407 559 449 videaris
585 420 670 449 esse
694 407 824 455 ditior,
858 406 988 447 minus
1010 411 1287 458 paupertatem
1312 412 1477 458 metuas,

169 469 196 509 i.
223 482 257 510 e.
283 482 334 509 ne
359 469 527 511 avaritia
564 469 759 519 crucieris,
796 480 940 509 avarus
970 479 1057 508 esse
1081 481 1161 508 non
1187 468 1321 510 debes.
1373 471 1478 514 Pm-

169 530 453 570 etantissimum
480 543 573 571 sane
599 530 673 571 hoc
698 529 902 570 consilium
927 533 967 569 et
992 529 1223 569 avarissimo
1248 531 1389 581 cuique
1413 545 1477 574 sa-

171 588 448 630 luberrimuml

284 649 327 692 V.
340 653 397 691 94
410 674 459 681 —
465 653 607 702 parco)
620 648 1177 700 Ablativusabsolutus,1quem
1190 649 1338 698 dicunt,
1357 650 1476 694 omis-

168 723 213 752 so
239 712 468 762 pronomine
492 724 547 761 eo,
588 710 693 762 quod
719 709 873 750 dicendi
899 721 1020 761 genus
1045 712 1189 761 praeter
1213 709 1319 762 hune
1345 710 1476 754 locum

169 774 373 824 usurpavit
385 772 571 813 Horatius
585 771 666 812 Sat.
692 772 724 821 1,
752 774 788 822 6,
816 773 891 812 122
917 775 959 812 et
983 771 1015 821 I,
1038 774 1074 820 9,
1090 773 1139 812 36
1156 774 1201 819 ¹).
1218 770 1475 824 ,Quamquam

168 845 246 873 non
285 833 415 872 nescio
446 833 661 883 posteriore
686 833 772 871 loco
797 832 1049 882 participium
1073 832 1216 872 vadato
1241 843 1314 883 pro
1339 832 1474 877 dativo

165 894 302 934 haberi
339 897 380 933 et
417 906 505 933 cum
536 891 771 944 praecedenti
806 892 1039 943 respondere
1062 905 1089 933 a
1115 892 1353 943 quibusdam
1377 906 1474 937 oon-

158 955 284 1006 jungi‚
324 954 366 994 id
403 954 509 1005 quod
535 954 620 1006 jam
644 954 732 994 ideo
762 954 918 994 videtur
941 953 1255 1005 improbandum,
1283 955 1470 1006 quonism

162 1016 205 1056 in
229 1015 373 1055 forensi
397 1016 534 1067 lingua
559 1020 600 1056 et
619 1016 799 1068 judiciali
836 1016 1068 1066 respondere
1101 1015 1262 1057 verbum
1287 1016 1371 1057 sine
1396 1015 1470 1060 da·

163 1077 243 1116 tivo
268 1077 450 1128 usurpari
475 1077 585 1116 solet.

264 1137 409 1178 Versus
438 1138 509 1178 101
538 1150 596 1188 sq.
622 1137 797 1189 plerique
822 1137 994 1179 editores
1020 1140 1062 1179 et
1086 1138 1246 1190 quidem
1273 1138 1469 1182 novissimi

161 1198 243 1239 fere
268 1211 402 1240 omues
427 1199 501 1239 hoo
525 1198 640 1239 modo
667 1200 862 1240 scribunt:

239 1292 342 1339 Quid
366 1291 420 1331 mi
444 1290 567 1342 igitur
593 1291 758 1332 suades?
784 1290 841 1331 Ut
866 1290 993 1332 vivam
1018 1290 1209 1332 Maenius?
1235 1295 1306 1332 aut
1331 1291 1388 1332 sio

239 1352 297 1392 Ut
321 1352 611 1392 Nomentanus?
638 1353 775 1402 Pergis
800 1353 1018 1403 pugnantia
1043 1365 1176 1392 secum

240 1412 451 1453 Frontibus
477 1412 650 1453 adversis
680 1424 923 1465 componere.
952 1435 1001 1442 —
1030 1435 1079 1442 —

266 1504 462 1546 Affirmari
486 1505 608 1556 igitur
632 1505 685 1545 ab
711 1504 877 1545 Horatio
903 1508 1047 1556 putant
1072 1505 1173 1545 haeo:
1201 1504 1343 1556 Per-,qis
1360 1518 1464 1560 puy-

161 1567 305 1606 nantia
328 1578 457 1607 secum
470 1565 680 1617 frontibus
704 1566 881 1606 adversis
906 1578 1141 1616 componere.
1182 1566 1297 1614 Quod
1321 1566 1466 1611 falsum

160 1638 246 1667 esse
269 1630 378 1679 puto.
431 1626 509 1668 Ubi
535 1627 638 1667 enim
664 1631 756 1667 sunt
780 1627 850 1668 illa
875 1628 1083 1676 contraria,
1099 1639 1185 1679 quae
1210 1631 1329 1669 antea
1355 1640 1463 1670 eom·

160 1693 346 1739 posuerat
370 1688 448 1738 ille,
489 1701 604 1739 quem
630 1689 833 1739 superiora
858 1700 884 1727 a
909 1701 951 1728 se
978 1700 1152 1739 quaerere
1177 1688 1294 1740 fingit
1318 1690 1464 1741 poeta?

160 1749 262 1790 Nam
299 1749 368 1801 qui
406 1762 618 1801 numquam
655 1749 809 1801 incepit,
850 1749 884 1789 is
923 1762 1002 1790 non
1035 1749 1114 1790 dici
1138 1752 1270 1802 potest
1287 1762 1464 1803 paruere.

160 1811 289 1857 Quum
326 1812 429 1850 enim
465 1823 628 1850 avarum
653 1815 698 1850 ut
728 1811 846 1849 finem
885 1811 1085 1860 quaerendi
1110 1811 1259 1851 faceret
1283 1811 1465 1854 hortatus

160 1875 262 1911 esset
297 1870 495 1920 Horatius,
529 1871 595 1912 ille
634 1875 772 1912 contra
807 1871 997 1922 quaesivit,
1025 1884 1119 1911 num
1145 1883 1187 1912 se
1211 1870 1401 1915 dissolute
1425 1875 1466 1916 et

158 1932 320 1983 prodige
345 1934 471 1973 vivere
496 1933 621 1973 vellet.
675 1932 822 1983 lnczffit
845 1932 971 1983 igitur
997 1934 1197 1974 contraria
1229 1945 1463 1985 componere

158 2006 236 2034 non
254 1994 398 2044 perqit.
438 1994 563 2041 Quam
587 1993 870 2045 interpretandi
895 1994 1166 2035 difficultatem
1191 1995 1249 2034 illi
1275 1994 1461 2044 editores,

161 2134 200 2140 --
222 2133 262 2139 -
283 2134 321 2139 —
345 2134 383 2140 —
404 2116 467 2149 wie
487 2116 651 2149 Kirchner
672 2116 760 2158 thut,
781 2116 930 2151 sondern
950 2117 1059 2151 durch
1078 2121 1120 2151 ut
1139 2126 1177 2151 eo
1191 2117 1278 2159 plus
1297 2115 1465 2152 erklareu.

162 2165 243 2199 ”Um
263 2165 341 2199 dioh
360 2165 491 2200 reicher
511 2177 552 2199 zu
572 2166 697 2209 ffihlen,
716 2167 849 2201 ffirohte
869 2167 947 2201 dieh
967 2167 1064 2201 nicht
1082 2177 1146 2201 vor
1165 2166 1242 2201 dem
1262 2166 1400 2211 Μαῦροι
1419 2176 1465 2201 en

160 2216 374 2259 Reichthum3
394 2218 482 2252 dsnn
498 2218 535 2260 je
561 2218 691 2253 kleiner
710 2218 771 2253 der
790 2220 960 2254 memb
979 2220 1036 2262 ist,
1061 2219 1129 2253 den
1150 2220 1213 2253 wir
1233 2230 1278 2254 an
1297 2219 1464 2257 rel-*iven

159 2268 288 2349 {3elgriff
304 2270 406 2351 νοίΙοζιῖ,
413 2270 564 2311 anlegen,
584 2270 679 2303 desto
700 2271 841 2304 leiehter
861 2271 977 2305 fiihlen
997 2271 1060 2304 wir
1080 2282 1143 2304 uns
1154 2271 1275 2304 reieh”.
1307 2270 1462 2305 Doederl-

244 2371 273 2452 ¹t)
294 2368 387 2452 gons.
419 2370 567 2412 Zumptii
594 2372 704 2405 Gram.
726 2371 798 2406 Lat.
830 2375 847 2412 5
867 2373 938 2406 647.
967 2373 1090 2415 Krueg.
1112 2374 1223 2408 Gram.
1250 2370 1324 2406 Lat.
1352 2373 1369 2412 5
1390 2372 1461 2405 500.

159 2429 248 2453 anno
262 2443 272 2451 -.
316 2444 323 2452 .
