1626 2879
178 798 369 882 Sauram,
403 845 525 883 genus
556 832 656 873 illud
690 834 816 885 poesis
841 846 931 874 vere
970 833 1190 874 Romanum
1228 847 1355 887 neque
1387 847 1474 876 um-

172 904 302 943 quam,
329 897 374 934 ut
399 898 527 935 cetera
552 895 644 944 fere,
672 907 693 934 e
720 895 872 936 Graecia
910 896 952 935 in
989 895 1148 936 Latium
1173 896 1409 937 translatum
1425 899 1471 947 ¹),

172 953 278 994 haud
316 967 406 995 raro
445 956 684 1007 scripserunt
724 955 920 1007 Satyrum,
958 956 1059 997 falso
1090 958 1274 997 nimirum
1300 956 1473 999 Satiram

172 1013 388 1056 Romanam
413 1030 438 1057 a
463 1016 640 1068 Satyrioa
666 1016 891 1057 Graecorum
921 1016 1055 1057 fabula
1081 1029 1164 1058 esse
1190 1019 1355 1069 petitam
1381 1030 1471 1058 cum

171 1087 294 1127 eaque
331 1077 476 1117 artiore
514 1078 753 1128 cognationis
792 1078 942 1118 vinculo
975 1078 1093 1118 fuisse
1119 1079 1367 1130 conjunctam
1394 1078 1470 1119 sibi

168 1137 460 1188 persuadentes.
487 1138 580 1186 Quae
606 1139 761 1189 quidem
787 1138 916 1190 opinio
943 1151 1061 1189 quam
1085 1139 1188 1179 falsa
1213 1139 1276 1188 sit,
1303 1144 1349 1179 ut
1369 1139 1468 1180 alios

169 1198 358 1248 omittam,
379 1199 463 1250 jam
489 1200 583 1239 satis
610 1199 780 1240 ostendit
805 1198 1059 1240 casaubonus
1076 1202 1122 1247 ²).
1156 1198 1466 1252 Compositaigi-

167 1262 244 1309 tur,
272 1264 317 1299 ut
341 1271 415 1311 par
436 1263 538 1314 erat,
565 1261 827 1299 controversia
851 1260 920 1299 illa
946 1261 994 1298 de
1020 1262 1175 1299 nomine
1193 1262 1330 1300 satirae
1344 1260 1466 1300 dedu-

167 1320 301 1365 cendo,
339 1321 381 1360 id
419 1321 520 1360 inter
559 1333 600 1360 se
639 1320 887 1360 consentiunt
917 1319 989 1360 viri
1021 1323 1166 1360 nostrae
1192 1321 1321 1360 aetatis
1346 1320 1465 1370 docti,

166 1381 302 1420 satim
327 1382 624 1432 appellationem
649 1394 675 1421 a
700 1385 815 1421 satur
839 1380 1031 1432 adjectivo
1058 1381 1129 1429 vel,
1156 1386 1202 1420 ut
1226 1382 1380 1433 planius
1401 1382 1462 1421 di-

164 1453 262 1490 cam,
288 1454 314 1481 a
341 1441 435 1482 lam:
460 1445 601 1482 satura
627 1441 736 1488 (lanx
762 1441 877 1481 variis
903 1441 1114 1492 multisque
1138 1442 1321 1492 primitiis
1340 1442 1463 1481 refer-

163 1504 219 1540 ta.
259 1501 385 1540 Diom.
425 1502 510 1540 Lib.
550 1502 611 1539 III
642 1513 731 1552 pag.
766 1503 843 1540 483
870 1501 931 1540 ed.
958 1501 1134 1548 Putsch.)
1160 1501 1318 1540 duxisse
1344 1501 1463 1551 osigi-

164 1573 265 1602 nem.
318 1562 416 1602 Sunt
442 1566 571 1603 autem
598 1563 675 1602 duo
700 1562 807 1613 apud
832 1562 1026 1602 Romanos
1052 1562 1307 1602 discernenda
1332 1561 1463 1602 satirae

165 1634 319 1673 genera,
346 1635 512 1673 quorum
538 1623 706 1662 alterum
733 1622 919 1661 vetustius
945 1623 1143 1672 appellare
1169 1623 1296 1670 velim,
1324 1634 1458 1661 recen-

162 1682 242 1722 tius
268 1683 447 1722 alterum.
487 1683 600 1728 Quod
625 1683 682 1721 ita
708 1694 791 1722 esse
818 1682 934 1732 plane
959 1687 999 1721 et
1025 1683 1167 1721 diserte
1193 1686 1362 1721 testatur
1388 1682 1458 1720 Di-

162 1742 317 1782 omedes
343 1743 620 1793 grammaticus
647 1742 749 1789 (Lib.
776 1742 835 1782 111
860 1754 977 1792 pagg.
1005 1744 1081 1780 482
1107 1746 1206 1781 extr.
1233 1747 1327 1791 sq.):
1370 1741 1457 1782 ’'Sa-

162 1802 241 1844 tira
279 1802 422 1843 dicitur
449 1814 602 1842 carmen
629 1802 735 1853 apud
760 1802 956 1841 Romanos
982 1814 1086 1857 mmo
1111 1802 1268 1853 quidem
1293 1801 1456 1841 maledi-

162 1877 250 1904 cum
263 1869 302 1904 et
315 1865 366 1903 ad
379 1861 573 1915 carpenda
585 1862 782 1902 hominum
795 1863 890 1901 vitia
903 1862 1066 1902 archaeae
1091 1862 1283 1902 Comediae
1297 1862 1458 1902 charac-

160 1929 244 1965 tere
283 1926 547 1976 compositum‚
587 1925 703 1975 quale
742 1924 977 1974 scripserunt
1007 1924 1177 1961 Lucilius
1202 1927 1242 1961 et
1267 1923 1456 1962 Horatius

160 1992 201 2027 et
231 1987 405 2035 Persius;
431 1992 474 2024 at
500 1985 599 2032 (et?)
639 1986 730 2024 olim
769 1997 936 2031 carmen,
977 1984 1082 2034 quod
1119 1996 1168 2021 ex
1205 1984 1322 2021 variis
1359 1994 1452 2033 poe-

88 2075 90 2077 -
159 2048 330 2088 m'atibus
373 2047 579 2086 constabat
621 2046 742 2084 satira
784 2045 1014 2091 voeabatur,
1058 2044 1173 2093 quale
1216 2045 1454 2094 seripserunt

160 2108 350 2149 Pacuvius
389 2111 429 2147 et
467 2106 650 2154 Ennius”;
690 2109 730 2146 et
768 2104 1028 2153 Quintilianus
1067 2103 1177 2162 (Lib4
1209 2103 1258 2154 X7
1287 2107 1323 2152 1,
1348 2105 1452 2144 93—

242 2213 272 2250 ¹)
292 2210 402 2251 Quint.
422 2210 503 2242 Inst.
526 2209 616 2242 Orat.
637 2208 678 2249 X⁷
697 2209 727 2249 1,
747 2207 797 2240 93.
818 2205 911 2239 Gens.
928 2205 1133 2247 opusc-num
1142 2207 1294 2238 nostrum
1305 2205 1363 2238 ”de
1373 2206 1452 2239 Per·

156 2262 275 2306 vigilio
294 2260 450 2296 Venetis”
469 2270 544 2302 pag.
565 2259 614 2293 21.

241 2314 271 2354 ²)
291 2312 396 2346 Isaaei
416 2310 599 2345 casauboni
620 2309 661 2342 de
681 2308 829 2351 Satyrion
850 2308 1041 2340 Graecorum
1052 2306 1149 2339 Poesi
1169 2308 1205 2338 et
1224 2307 1449 2340 Romanorum

158 2365 267 2398 Satira
287 2364 381 2397 Libri
400 2363 474 2397 duo.
515 2361 648 2395 Parisiis
669 2360 803 2393 MDcv.
843 2359 946 2401 Pagg.
967 2359 1008 2391 28
1028 2368 1076 2400 sq.
