1626 2879
791 267 815 307 8

161 374 245 426 ejus
269 369 648 423 argumentationem
671 366 890 417 legentibus
916 365 981 406 vix
1005 366 1234 417 persuaderi
1259 379 1338 408 non
1354 370 1465 419 pote-

158 435 224 484 rit,
250 443 443 483 caupones
467 441 552 471 esse
577 441 656 477 ece,
682 428 762 480 qui,
789 430 890 479 teste
907 426 1104 477 Cicerone,
1131 440 1158 467 a
1181 428 1466 469 mercatoribus

158 498 390 540 mercentur,
429 491 537 543 quod
576 490 711 531 statim
750 488 923 528 vendant
948 488 1093 539 quique
1119 487 1218 528 nihil
1242 489 1465 539 proficiant,

158 556 233 595 nisi
258 553 468 595 admodum
507 551 760 591 mentiantur.
813 549 911 598 (Cic.
937 549 1014 589 Off.
1039 549 1071 597 1,
1099 551 1168 597 42)
1185 551 1232 597 ¹).
1284 549 1382 589 Inde
1407 549 1464 589 vi-

159 617 228 657 des
266 627 384 668 quam
416 625 495 654 non
526 612 578 653 ab
604 612 677 652 hoc
702 611 790 652 loco
816 610 988 651 alienum
1013 610 1065 651 sit
1090 610 1262 669 scribere
1285 610 1468 662 Perfidus

159 687 378 728 —-‚·caup0
414 674 632 728 praesertim
670 686 793 725 quum
831 674 929 714 satis
954 675 1118 723 constet,
1146 665 1342 725 caupones
1366 672 1467 722 illos,

158 752 257 790 quos
269 737 498 786 ”kriimare’ss
518 735 828 777 ''²’smahandlare
849 735 987 776 dicunt
1012 734 1186 784 Svecani,
1213 748 1292 785 quo
1318 746 1467 780 merces

157 799 309 840 facilius
347 798 577 848 vendantur,
616 796 829 837 admodum
867 796 1044 846 mentiri3
1083 795 1189 847 quod
1213 794 1335 836 etiam
1359 794 1468 847 apud

159 862 355 902 Romanos
382 873 461 901 non
486 860 605 900 aliter
629 859 750 899 fuisse
775 862 816 899 et
840 856 1018 901 indicaiit
1030 858 1149 898 verba
1173 858 1245 899 illa
1269 857 1468 899 Ciceronis

160 934 280 974 supra
304 920 467 962 laudata
493 924 534 961 et
558 923 730 961 testatur
756 919 947 960 Horatius
972 919 1057 971 ipse
1083 919 1155 959 Sat
1179 919 1212 970 1,
1242 920 1278 969 5,
1305 921 1344 959 4.

272 982 315 1023 V.
341 984 395 1023 33
420 1005 471 1012 —
497 982 633 1032 maqni
660 980 837 1033 formica
871 981 1039 1033 laboris)
1065 980 1271 1021 Genitivus
1296 980 1467 1032 qualita-

159 1044 223 1093 tis,
250 1046 297 1083 ut
322 1042 570 1093 grammatici
597 1042 749 1093 ajunt,
770 1042 839 1092 qui
865 1041 940 1081 nisi
978 1041 1085 1093 apud
1122 1042 1281 1081 nomina
1306 1041 1469 1112 propria

159 1117 250 1144 cum
275 1103 448 1155 quadam
474 1103 627 1154 generis
653 1102 810 1143 notione
835 1103 1065 1154 conjunctus
1091 1115 1171 1143 non
1195 1103 1379 1156 usurpari
1404 1115 1468 1144 so·

159 1166 226 1214 let,
252 1164 480 1205 insolentius
505 1164 544 1204 h.
571 1164 599 1203 l.
625 1164 860 1215 appellativo
885 1164 961 1215 ipsi
986 1164 1160 1205 additur.

259 1226 393 1265 Poetae
418 1225 520 1264 enim
544 1225 652 1264 illam
679 1225 830 1275 generis
855 1225 1064 1274 notionem,
1089 1237 1208 1277 quam
1234 1225 1351 1266 modo
1371 1224 1465 1274 dixi,

156 1286 357 1327 interdum
369 1286 566 1334 omittunt,
593 1288 640 1324 ut
656 1285 751 1325 Hor.
770 1286 843 1326 od.
869 1285 901 1335 1,
930 1288 993 1327 36.
1020 1288 1082 1327 13.
1108 1286 1181 1336 111,
1209 1288 1246 1335 9,
1275 1288 1311 1325 7.
1338 1285 1465 1337 Epod.

160 1348 209 1397 V,
225 1349 287 1387 41.
315 1346 396 1387 Sat.
420 1346 474 1394 ΙΙ,
502 1349 538 1396 8,
566 1347 629 1386 84.
669 1345 783 1386 ovid.
810 1346 904 1387 Met.
930 1345 1037 1395 XIV,
1064 1348 1152 1387 252.
1184 1346 1321 1398 Neque
1334 1351 1466 1387 tamen

159 1408 224 1447 hic
249 1407 407 1458 genitivi
433 1421 526 1447 usus
541 1407 640 1448 adeo
667 1410 727 1447 est
752 1407 963 1458 singularis
987 1412 1241 1459 poetarumve
1271 1410 1465 1460 proprius,

161 1473 205 1509 ut
230 1480 308 1508 non
333 1469 374 1508 in
398 1480 517 1519 prosa
542 1468 662 1508 etiam
689 1469 865 1508 oratione
883 1471 924 1508 et
941 1469 1098 1520 quidem
1116 1469 1222 1521 apud
1240 1469 1467 1509 Ciceronem

160 1532 287 1580 ipsum
311 1530 543 1580 reperiatur.
595 1530 697 1569 Vide
723 1530 802 1569 Cic.
841 1531 894 1569 ad
919 1530 1030 1570 Fam.
1069 1530 1139 1580 IX,
1168 1532 1231 1570 26.
1263 1531 1385 1570 Brut.·
1402 1532 1466 1571 83.

160 1591 244 1631 Liv.
271 1591 397 1641 XXII,
424 1592 488 1631 60.
515 1590 606 1630 Tac.
633 1591 709 1631 An.
735 1591 803 1641 IV,
833 1593 882 1631 29
899 1593 948 1638 ²).

275 1651 318 1693 V.
345 1654 400 1692 35
426 1675 474 1682 --
503 1653 665 1692 incauta
691 1651 849 1706 futuri)
891 1653 1085 1694 Incautus
1118 1653 1352 1705 adjectivum
1377 1666 1467 1694 cum

159 1713 326 1764 genitivo
367 1713 617 1765 conjunctum
655 1714 761 1765 apud
800 1714 979 1755 meliores
1004 1715 1215 1756 latinitatis
1241 1715 1465 1767 scriptores,

159 1775 265 1825 quod
291 1775 423 1822 sciam,
463 1789 543 1815 non
568 1776 780 1826 reperitur3
819 1777 925 1816 unde
964 1777 1273 1817 concludendum
1299 1777 1464 1827 videtur,

158 1839 230 1875 aut
269 1835 484 1885 genitivum
508 1836 547 1877 h.
573 1837 601 1875 1.
628 1848 698 1887 per
723 1849 896 1887 zeugma,
924 1840 971 1876 ut
995 1837 1142 1886 dicunt,
1171 1849 1255 1877 esse
1281 1838 1464 1890 positum,

157 1896 183 1935 i.
211 1907 244 1934 e.
270 1899 310 1934 et
326 1895 379 1934 ad
397 1896 540 1945 ignara
565 1891 648 1935 esse
673 1897 920 1937 referendum
945 1902 986 1937 et
1011 1898 1064 1937 ad
1089 1899 1263 1946 incauta,
1283 1902 1354 1938 aut
1365 1897 1466 1938 illud

157 1958 317 1995 incauta
328 1956 377 1995 iis
389 1956 725 1996 adnumerandum
738 1969 822 1997 esse
834 1958 1047 2010 adjectivis,
1061 1971 1158 2009 quae,
1171 1959 1335 1999 affectus
1344 1958 1465 1999 animi

161 2078 269 2159 1860?
290 2077 382 2159 (lions.
392 2077 596 2159 1Horateens
627 2078 759 2112 Satircn
783 2098 821 2103 —
843 2089 910 2112 von
937 2080 1069 2122 Ludvig
1090 2080 1283 2114 Doderlein.
1325 2081 1465 2123 Leipzig

162 2137 371 2259 1855Despag
383 2129 541 2261 HEiagius
568 2178 708 2213 Flaccus
729 2181 861 2214 Satiren
894 2200 933 2206 —
960 2191 1029 2216 von
1051 2182 1086 2216 C.
1106 2182 1284 2216 Kirchner.
1326 2183 1464 2225 Leipzig

243 2277 273 2315 ²)
293 2237 387 2310 ceant}-
404 2252 467 2312 Die
486 2252 594 2314 ’Lehre
614 2292 682 2315 von
702 2282 779 2316 dem
801 2283 996 2317 Gebrauche
1022 2284 1082 2318 der
1108 2285 1210 2318 Casus
1230 2285 1266 2318 in
1286 2284 1347 2317 der
1366 2285 1464 2318 latei·

160 2326 299 2359 nischen
320 2327 605 2370 Dichtersprache.
631 2334 821 2367 Bearbeitet
840 2345 909 2368 von
929 2336 967 2368 F.
988 2337 1028 2369 A.
1050 2337 1090 2369 A.
1112 2336 1213 2371 Bach.
1239 2335 1351 2370 Gotho.
1371 2336 1463 2370 1848.

161 2376 240 2418 Pag.
263 2378 311 2409 35.
354 2377 516 2421 Kruegeri
537 2382 647 2415 Gram.
668 2384 740 2416 Lat.
762 2387 779 2424 5
799 2385 871 2428 399,
890 2387 1005 2419 annot.
1026 2387 1056 2419 2.
